%YAML 1.1
%TAG !u! tag:unity3d.com,2011:
--- !u!1 &5639636318762358542
GameObject:
  m_ObjectHideFlags: 0
  m_CorrespondingSourceObject: {fileID: 0}
  m_PrefabInstance: {fileID: 0}
  m_PrefabAsset: {fileID: 0}
  serializedVersion: 6
  m_Component:
  - component: {fileID: 5639636318762358543}
  - component: {fileID: 5639636318762358548}
  - component: {fileID: 5639636318762358547}
  - component: {fileID: 5639636318762358546}
  - component: {fileID: 5639636318762358545}
  - component: {fileID: 5639636318762358544}
  - component: {fileID: 5639636318762358549}
  m_Layer: 0
  m_Name: Target
  m_TagString: Untagged
  m_Icon: {fileID: 0}
  m_NavMeshLayer: 0
  m_StaticEditorFlags: 0
  m_IsActive: 1
--- !u!4 &5639636318762358543
Transform:
  m_ObjectHideFlags: 0
  m_CorrespondingSourceObject: {fileID: 0}
  m_PrefabInstance: {fileID: 0}
  m_PrefabAsset: {fileID: 0}
  m_GameObject: {fileID: 5639636318762358542}
  m_LocalRotation: {x: -0.7071068, y: 0, z: 0, w: 0.7071068}
  m_LocalPosition: {x: -0.885, y: 0.123, z: 0.02071}
  m_LocalScale: {x: 0.25, y: 0.010692642, z: 0.25}
  m_Children: []
  m_Father: {fileID: 5639636320303840298}
  m_RootOrder: 2
  m_LocalEulerAnglesHint: {x: -90, y: 0, z: 0}
--- !u!33 &5639636318762358548
MeshFilter:
  m_ObjectHideFlags: 0
  m_CorrespondingSourceObject: {fileID: 0}
  m_PrefabInstance: {fileID: 0}
  m_PrefabAsset: {fileID: 0}
  m_GameObject: {fileID: 5639636318762358542}
  m_Mesh: {fileID: 0}
--- !u!23 &5639636318762358547
MeshRenderer:
  m_ObjectHideFlags: 0
  m_CorrespondingSourceObject: {fileID: 0}
  m_PrefabInstance: {fileID: 0}
  m_PrefabAsset: {fileID: 0}
  m_GameObject: {fileID: 5639636318762358542}
  m_Enabled: 1
  m_CastShadows: 1
  m_ReceiveShadows: 1
  m_DynamicOccludee: 1
  m_MotionVectors: 1
  m_LightProbeUsage: 1
  m_ReflectionProbeUsage: 1
  m_RenderingLayerMask: 1
  m_RendererPriority: 0
  m_Materials:
  - {fileID: 2100000, guid: 573e34d8d48f73048ae6064f8a5ee999, type: 2}
  m_StaticBatchInfo:
    firstSubMesh: 0
    subMeshCount: 0
  m_StaticBatchRoot: {fileID: 0}
  m_ProbeAnchor: {fileID: 0}
  m_LightProbeVolumeOverride: {fileID: 0}
  m_ScaleInLightmap: 1
  m_ReceiveGI: 1
  m_PreserveUVs: 0
  m_IgnoreNormalsForChartDetection: 0
  m_ImportantGI: 0
  m_StitchLightmapSeams: 1
  m_SelectedEditorRenderState: 3
  m_MinimumChartSize: 4
  m_AutoUVMaxDistance: 0.5
  m_AutoUVMaxAngle: 89
  m_LightmapParameters: {fileID: 0}
  m_SortingLayerID: 0
  m_SortingLayer: 0
  m_SortingOrder: 0
--- !u!114 &5639636318762358546
MonoBehaviour:
  m_ObjectHideFlags: 0
  m_CorrespondingSourceObject: {fileID: 0}
  m_PrefabInstance: {fileID: 0}
  m_PrefabAsset: {fileID: 0}
  m_GameObject: {fileID: 5639636318762358542}
  m_Enabled: 1
  m_EditorHideFlags: 0
  m_Script: {fileID: 11500000, guid: 8233d90336aea43098adf6dbabd606a2, type: 3}
  m_Name: 
  m_EditorClassIdentifier: 
  m_MeshFormatVersion: 1
  m_Faces:
  - m_Indexes: 5b0000005c0000005d000000
    m_SmoothingGroup: 1
    m_Uv:
      m_UseWorldSpace: 0
      m_FlipU: 0
      m_FlipV: 0
      m_SwapUV: 0
      m_Fill: 1
      m_Scale: {x: 1, y: 1}
      m_Offset: {x: 0, y: 0}
      m_Rotation: 0
      m_Anchor: 9
    m_Material: {fileID: 0}
    m_SubmeshIndex: 0
    m_ManualUV: 1
    elementGroup: -1
    m_TextureGroup: -1
  - m_Indexes: 670000006800000069000000
    m_SmoothingGroup: 1
    m_Uv:
      m_UseWorldSpace: 0
      m_FlipU: 0
      m_FlipV: 0
      m_SwapUV: 0
      m_Fill: 1
      m_Scale: {x: 1, y: 1}
      m_Offset: {x: 0, y: 0}
      m_Rotation: 0
      m_Anchor: 9
    m_Material: {fileID: 0}
    m_SubmeshIndex: 0
    m_ManualUV: 1
    elementGroup: -1
    m_TextureGroup: -1
  - m_Indexes: 720000007300000074000000
    m_SmoothingGroup: 1
    m_Uv:
      m_UseWorldSpace: 0
      m_FlipU: 0
      m_FlipV: 0
      m_SwapUV: 0
      m_Fill: 1
      m_Scale: {x: 1, y: 1}
      m_Offset: {x: 0, y: 0}
      m_Rotation: 0
      m_Anchor: 9
    m_Material: {fileID: 0}
    m_SubmeshIndex: 0
    m_ManualUV: 1
    elementGroup: -1
    m_TextureGroup: -1
  - m_Indexes: 78000000790000007a000000
    m_SmoothingGroup: 1
    m_Uv:
      m_UseWorldSpace: 0
      m_FlipU: 0
      m_FlipV: 0
      m_SwapUV: 0
      m_Fill: 1
      m_Scale: {x: 1, y: 1}
      m_Offset: {x: 0, y: 0}
      m_Rotation: 0
      m_Anchor: 9
    m_Material: {fileID: 0}
    m_SubmeshIndex: 0
    m_ManualUV: 1
    elementGroup: -1
    m_TextureGroup: -1
  - m_Indexes: 88000000890000008a000000
    m_SmoothingGroup: 2
    m_Uv:
      m_UseWorldSpace: 0
      m_FlipU: 0
      m_FlipV: 0
      m_SwapUV: 0
      m_Fill: 1
      m_Scale: {x: 1, y: 1}
      m_Offset: {x: 0, y: 0}
      m_Rotation: 0
      m_Anchor: 9
    m_Material: {fileID: 0}
    m_SubmeshIndex: 0
    m_ManualUV: 1
    elementGroup: -1
    m_TextureGroup: -1
  - m_Indexes: 9e0000009f000000a0000000
    m_SmoothingGroup: 2
    m_Uv:
      m_UseWorldSpace: 0
      m_FlipU: 0
      m_FlipV: 0
      m_SwapUV: 0
      m_Fill: 1
      m_Scale: {x: 1, y: 1}
      m_Offset: {x: 0, y: 0}
      m_Rotation: 0
      m_Anchor: 9
    m_Material: {fileID: 0}
    m_SubmeshIndex: 0
    m_ManualUV: 1
    elementGroup: -1
    m_TextureGroup: -1
  - m_Indexes: 000000000100000002000000000000000200000003000000
    m_SmoothingGroup: 3
    m_Uv:
      m_UseWorldSpace: 0
      m_FlipU: 0
      m_FlipV: 0
      m_SwapUV: 0
      m_Fill: 1
      m_Scale: {x: 1, y: 1}
      m_Offset: {x: 0, y: 0}
      m_Rotation: 0
      m_Anchor: 9
    m_Material: {fileID: 0}
    m_SubmeshIndex: 0
    m_ManualUV: 1
    elementGroup: -1
    m_TextureGroup: -1
  - m_Indexes: 040000000500000006000000040000000600000007000000
    m_SmoothingGroup: 3
    m_Uv:
      m_UseWorldSpace: 0
      m_FlipU: 0
      m_FlipV: 0
      m_SwapUV: 0
      m_Fill: 1
      m_Scale: {x: 1, y: 1}
      m_Offset: {x: 0, y: 0}
      m_Rotation: 0
      m_Anchor: 9
    m_Material: {fileID: 0}
    m_SubmeshIndex: 0
    m_ManualUV: 1
    elementGroup: -1
    m_TextureGroup: -1
  - m_Indexes: 08000000090000000a000000080000000a0000000b000000
    m_SmoothingGroup: 3
    m_Uv:
      m_UseWorldSpace: 0
      m_FlipU: 0
      m_FlipV: 0
      m_SwapUV: 0
      m_Fill: 1
      m_Scale: {x: 1, y: 1}
      m_Offset: {x: 0, y: 0}
      m_Rotation: 0
      m_Anchor: 9
    m_Material: {fileID: 0}
    m_SubmeshIndex: 0
    m_ManualUV: 1
    elementGroup: -1
    m_TextureGroup: -1
  - m_Indexes: 0c0000000d0000000e0000000c0000000e0000000f000000
    m_SmoothingGroup: 3
    m_Uv:
      m_UseWorldSpace: 0
      m_FlipU: 0
      m_FlipV: 0
      m_SwapUV: 0
      m_Fill: 1
      m_Scale: {x: 1, y: 1}
      m_Offset: {x: 0, y: 0}
      m_Rotation: 0
      m_Anchor: 9
    m_Material: {fileID: 0}
    m_SubmeshIndex: 0
    m_ManualUV: 1
    elementGroup: -1
    m_TextureGroup: -1
  - m_Indexes: 100000001100000012000000100000001200000013000000
    m_SmoothingGroup: 3
    m_Uv:
      m_UseWorldSpace: 0
      m_FlipU: 0
      m_FlipV: 0
      m_SwapUV: 0
      m_Fill: 1
      m_Scale: {x: 1, y: 1}
      m_Offset: {x: 0, y: 0}
      m_Rotation: 0
      m_Anchor: 9
    m_Material: {fileID: 0}
    m_SubmeshIndex: 0
    m_ManualUV: 1
    elementGroup: -1
    m_TextureGroup: -1
  - m_Indexes: 140000001500000016000000140000001600000017000000
    m_SmoothingGroup: 3
    m_Uv:
      m_UseWorldSpace: 0
      m_FlipU: 0
      m_FlipV: 0
      m_SwapUV: 0
      m_Fill: 1
      m_Scale: {x: 1, y: 1}
      m_Offset: {x: 0, y: 0}
      m_Rotation: 0
      m_Anchor: 9
    m_Material: {fileID: 0}
    m_SubmeshIndex: 0
    m_ManualUV: 1
    elementGroup: -1
    m_TextureGroup: -1
  - m_Indexes: 18000000190000001a000000180000001a0000001b000000
    m_SmoothingGroup: 3
    m_Uv:
      m_UseWorldSpace: 0
      m_FlipU: 0
      m_FlipV: 0
      m_SwapUV: 0
      m_Fill: 1
      m_Scale: {x: 1, y: 1}
      m_Offset: {x: 0, y: 0}
      m_Rotation: 0
      m_Anchor: 9
    m_Material: {fileID: 0}
    m_SubmeshIndex: 0
    m_ManualUV: 1
    elementGroup: -1
    m_TextureGroup: -1
  - m_Indexes: 1c0000001d0000001e0000001c0000001e0000001f000000
    m_SmoothingGroup: 3
    m_Uv:
      m_UseWorldSpace: 0
      m_FlipU: 0
      m_FlipV: 0
      m_SwapUV: 0
      m_Fill: 1
      m_Scale: {x: 1, y: 1}
      m_Offset: {x: 0, y: 0}
      m_Rotation: 0
      m_Anchor: 9
    m_Material: {fileID: 0}
    m_SubmeshIndex: 0
    m_ManualUV: 1
    elementGroup: -1
    m_TextureGroup: -1
  - m_Indexes: 200000002100000022000000200000002200000023000000
    m_SmoothingGroup: 3
    m_Uv:
      m_UseWorldSpace: 0
      m_FlipU: 0
      m_FlipV: 0
      m_SwapUV: 0
      m_Fill: 1
      m_Scale: {x: 1, y: 1}
      m_Offset: {x: 0, y: 0}
      m_Rotation: 0
      m_Anchor: 9
    m_Material: {fileID: 0}
    m_SubmeshIndex: 0
    m_ManualUV: 1
    elementGroup: -1
    m_TextureGroup: -1
  - m_Indexes: 240000002500000026000000240000002600000027000000
    m_SmoothingGroup: 3
    m_Uv:
      m_UseWorldSpace: 0
      m_FlipU: 0
      m_FlipV: 0
      m_SwapUV: 0
      m_Fill: 1
      m_Scale: {x: 1, y: 1}
      m_Offset: {x: 0, y: 0}
      m_Rotation: 0
      m_Anchor: 9
    m_Material: {fileID: 0}
    m_SubmeshIndex: 0
    m_ManualUV: 1
    elementGroup: -1
    m_TextureGroup: -1
  - m_Indexes: 28000000290000002a000000280000002a0000002b000000
    m_SmoothingGroup: 3
    m_Uv:
      m_UseWorldSpace: 0
      m_FlipU: 0
      m_FlipV: 0
      m_SwapUV: 0
      m_Fill: 1
      m_Scale: {x: 1, y: 1}
      m_Offset: {x: 0, y: 0}
      m_Rotation: 0
      m_Anchor: 9
    m_Material: {fileID: 0}
    m_SubmeshIndex: 0
    m_ManualUV: 1
    elementGroup: -1
    m_TextureGroup: -1
  - m_Indexes: 2c0000002d0000002e0000002c0000002e0000002f000000
    m_SmoothingGroup: 3
    m_Uv:
      m_UseWorldSpace: 0
      m_FlipU: 0
      m_FlipV: 0
      m_SwapUV: 0
      m_Fill: 1
      m_Scale: {x: 1, y: 1}
      m_Offset: {x: 0, y: 0}
      m_Rotation: 0
      m_Anchor: 9
    m_Material: {fileID: 0}
    m_SubmeshIndex: 0
    m_ManualUV: 1
    elementGroup: -1
    m_TextureGroup: -1
  - m_Indexes: 300000003100000032000000300000003200000033000000
    m_SmoothingGroup: 3
    m_Uv:
      m_UseWorldSpace: 0
      m_FlipU: 0
      m_FlipV: 0
      m_SwapUV: 0
      m_Fill: 1
      m_Scale: {x: 1, y: 1}
      m_Offset: {x: 0, y: 0}
      m_Rotation: 0
      m_Anchor: 9
    m_Material: {fileID: 0}
    m_SubmeshIndex: 0
    m_ManualUV: 1
    elementGroup: -1
    m_TextureGroup: -1
  - m_Indexes: 340000003500000036000000340000003600000037000000
    m_SmoothingGroup: 3
    m_Uv:
      m_UseWorldSpace: 0
      m_FlipU: 0
      m_FlipV: 0
      m_SwapUV: 0
      m_Fill: 1
      m_Scale: {x: 1, y: 1}
      m_Offset: {x: 0, y: 0}
      m_Rotation: 0
      m_Anchor: 9
    m_Material: {fileID: 0}
    m_SubmeshIndex: 0
    m_ManualUV: 1
    elementGroup: -1
    m_TextureGroup: -1
  - m_Indexes: 38000000390000003a000000380000003a0000003b000000
    m_SmoothingGroup: 3
    m_Uv:
      m_UseWorldSpace: 0
      m_FlipU: 0
      m_FlipV: 0
      m_SwapUV: 0
      m_Fill: 1
      m_Scale: {x: 1, y: 1}
      m_Offset: {x: 0, y: 0}
      m_Rotation: 0
      m_Anchor: 9
    m_Material: {fileID: 0}
    m_SubmeshIndex: 0
    m_ManualUV: 1
    elementGroup: -1
    m_TextureGroup: -1
  - m_Indexes: 3c0000003d0000003e0000003c0000003e0000003f000000
    m_SmoothingGroup: 3
    m_Uv:
      m_UseWorldSpace: 0
      m_FlipU: 0
      m_FlipV: 0
      m_SwapUV: 0
      m_Fill: 1
      m_Scale: {x: 1, y: 1}
      m_Offset: {x: 0, y: 0}
      m_Rotation: 0
      m_Anchor: 9
    m_Material: {fileID: 0}
    m_SubmeshIndex: 0
    m_ManualUV: 1
    elementGroup: -1
    m_TextureGroup: -1
  - m_Indexes: 400000004100000042000000400000004200000043000000
    m_SmoothingGroup: 3
    m_Uv:
      m_UseWorldSpace: 0
      m_FlipU: 0
      m_FlipV: 0
      m_SwapUV: 0
      m_Fill: 1
      m_Scale: {x: 1, y: 1}
      m_Offset: {x: 0, y: 0}
      m_Rotation: 0
      m_Anchor: 9
    m_Material: {fileID: 0}
    m_SubmeshIndex: 0
    m_ManualUV: 1
    elementGroup: -1
    m_TextureGroup: -1
  - m_Indexes: 440000004500000046000000440000004600000047000000
    m_SmoothingGroup: 3
    m_Uv:
      m_UseWorldSpace: 0
      m_FlipU: 0
      m_FlipV: 0
      m_SwapUV: 0
      m_Fill: 1
      m_Scale: {x: 1, y: 1}
      m_Offset: {x: 0, y: 0}
      m_Rotation: 0
      m_Anchor: 9
    m_Material: {fileID: 0}
    m_SubmeshIndex: 0
    m_ManualUV: 1
    elementGroup: -1
    m_TextureGroup: -1
  - m_Indexes: 48000000490000004a000000480000004a0000004b000000
    m_SmoothingGroup: 3
    m_Uv:
      m_UseWorldSpace: 0
      m_FlipU: 0
      m_FlipV: 0
      m_SwapUV: 0
      m_Fill: 1
      m_Scale: {x: 1, y: 1}
      m_Offset: {x: 0, y: 0}
      m_Rotation: 0
      m_Anchor: 9
    m_Material: {fileID: 0}
    m_SubmeshIndex: 0
    m_ManualUV: 1
    elementGroup: -1
    m_TextureGroup: -1
  - m_Indexes: 4c0000004d0000004e0000004c0000004e0000004f000000
    m_SmoothingGroup: 3
    m_Uv:
      m_UseWorldSpace: 0
      m_FlipU: 0
      m_FlipV: 0
      m_SwapUV: 0
      m_Fill: 1
      m_Scale: {x: 1, y: 1}
      m_Offset: {x: 0, y: 0}
      m_Rotation: 0
      m_Anchor: 9
    m_Material: {fileID: 0}
    m_SubmeshIndex: 0
    m_ManualUV: 1
    elementGroup: -1
    m_TextureGroup: -1
  - m_Indexes: 500000005100000052000000520000005100000056000000
    m_SmoothingGroup: 1
    m_Uv:
      m_UseWorldSpace: 0
      m_FlipU: 0
      m_FlipV: 0
      m_SwapUV: 0
      m_Fill: 1
      m_Scale: {x: 1, y: 1}
      m_Offset: {x: 0, y: 0}
      m_Rotation: 0
      m_Anchor: 9
    m_Material: {fileID: 0}
    m_SubmeshIndex: 0
    m_ManualUV: 1
    elementGroup: -1
    m_TextureGroup: -1
  - m_Indexes: 530000005400000055000000570000005400000053000000
    m_SmoothingGroup: 1
    m_Uv:
      m_UseWorldSpace: 0
      m_FlipU: 0
      m_FlipV: 0
      m_SwapUV: 0
      m_Fill: 1
      m_Scale: {x: 1, y: 1}
      m_Offset: {x: 0, y: 0}
      m_Rotation: 0
      m_Anchor: 9
    m_Material: {fileID: 0}
    m_SubmeshIndex: 0
    m_ManualUV: 1
    elementGroup: -1
    m_TextureGroup: -1
  - m_Indexes: 58000000590000005a0000005a000000590000005e000000
    m_SmoothingGroup: 1
    m_Uv:
      m_UseWorldSpace: 0
      m_FlipU: 0
      m_FlipV: 0
      m_SwapUV: 0
      m_Fill: 1
      m_Scale: {x: 1, y: 1}
      m_Offset: {x: 0, y: 0}
      m_Rotation: 0
      m_Anchor: 9
    m_Material: {fileID: 0}
    m_SubmeshIndex: 0
    m_ManualUV: 1
    elementGroup: -1
    m_TextureGroup: -1
  - m_Indexes: 5f000000600000006100000065000000600000005f000000
    m_SmoothingGroup: 1
    m_Uv:
      m_UseWorldSpace: 0
      m_FlipU: 0
      m_FlipV: 0
      m_SwapUV: 0
      m_Fill: 1
      m_Scale: {x: 1, y: 1}
      m_Offset: {x: 0, y: 0}
      m_Rotation: 0
      m_Anchor: 9
    m_Material: {fileID: 0}
    m_SubmeshIndex: 0
    m_ManualUV: 1
    elementGroup: -1
    m_TextureGroup: -1
  - m_Indexes: 620000006300000064000000640000006300000066000000
    m_SmoothingGroup: 1
    m_Uv:
      m_UseWorldSpace: 0
      m_FlipU: 0
      m_FlipV: 0
      m_SwapUV: 0
      m_Fill: 1
      m_Scale: {x: 1, y: 1}
      m_Offset: {x: 0, y: 0}
      m_Rotation: 0
      m_Anchor: 9
    m_Material: {fileID: 0}
    m_SubmeshIndex: 0
    m_ManualUV: 1
    elementGroup: -1
    m_TextureGroup: -1
  - m_Indexes: 6a0000006b0000006c0000006c0000006b00000070000000
    m_SmoothingGroup: 1
    m_Uv:
      m_UseWorldSpace: 0
      m_FlipU: 0
      m_FlipV: 0
      m_SwapUV: 0
      m_Fill: 1
      m_Scale: {x: 1, y: 1}
      m_Offset: {x: 0, y: 0}
      m_Rotation: 0
      m_Anchor: 9
    m_Material: {fileID: 0}
    m_SubmeshIndex: 0
    m_ManualUV: 1
    elementGroup: -1
    m_TextureGroup: -1
  - m_Indexes: 6d0000006e0000006f000000710000006e0000006d000000
    m_SmoothingGroup: 1
    m_Uv:
      m_UseWorldSpace: 0
      m_FlipU: 0
      m_FlipV: 0
      m_SwapUV: 0
      m_Fill: 1
      m_Scale: {x: 1, y: 1}
      m_Offset: {x: 0, y: 0}
      m_Rotation: 0
      m_Anchor: 9
    m_Material: {fileID: 0}
    m_SubmeshIndex: 0
    m_ManualUV: 1
    elementGroup: -1
    m_TextureGroup: -1
  - m_Indexes: 7500000076000000770000007b0000007600000075000000
    m_SmoothingGroup: 1
    m_Uv:
      m_UseWorldSpace: 0
      m_FlipU: 0
      m_FlipV: 0
      m_SwapUV: 0
      m_Fill: 1
      m_Scale: {x: 1, y: 1}
      m_Offset: {x: 0, y: 0}
      m_Rotation: 0
      m_Anchor: 9
    m_Material: {fileID: 0}
    m_SubmeshIndex: 0
    m_ManualUV: 1
    elementGroup: -1
    m_TextureGroup: -1
  - m_Indexes: 7c0000007d0000007e0000007f0000007d0000007c000000
    m_SmoothingGroup: 2
    m_Uv:
      m_UseWorldSpace: 0
      m_FlipU: 0
      m_FlipV: 0
      m_SwapUV: 0
      m_Fill: 1
      m_Scale: {x: 1, y: 1}
      m_Offset: {x: 0, y: 0}
      m_Rotation: 0
      m_Anchor: 9
    m_Material: {fileID: 0}
    m_SubmeshIndex: 0
    m_ManualUV: 1
    elementGroup: -1
    m_TextureGroup: -1
  - m_Indexes: 800000008100000082000000820000008100000086000000
    m_SmoothingGroup: 2
    m_Uv:
      m_UseWorldSpace: 0
      m_FlipU: 0
      m_FlipV: 0
      m_SwapUV: 0
      m_Fill: 1
      m_Scale: {x: 1, y: 1}
      m_Offset: {x: 0, y: 0}
      m_Rotation: 0
      m_Anchor: 9
    m_Material: {fileID: 0}
    m_SubmeshIndex: 0
    m_ManualUV: 1
    elementGroup: -1
    m_TextureGroup: -1
  - m_Indexes: 830000008400000085000000870000008400000083000000
    m_SmoothingGroup: 2
    m_Uv:
      m_UseWorldSpace: 0
      m_FlipU: 0
      m_FlipV: 0
      m_SwapUV: 0
      m_Fill: 1
      m_Scale: {x: 1, y: 1}
      m_Offset: {x: 0, y: 0}
      m_Rotation: 0
      m_Anchor: 9
    m_Material: {fileID: 0}
    m_SubmeshIndex: 0
    m_ManualUV: 1
    elementGroup: -1
    m_TextureGroup: -1
  - m_Indexes: 8b0000008c0000008d000000910000008c0000008b000000
    m_SmoothingGroup: 2
    m_Uv:
      m_UseWorldSpace: 0
      m_FlipU: 0
      m_FlipV: 0
      m_SwapUV: 0
      m_Fill: 1
      m_Scale: {x: 1, y: 1}
      m_Offset: {x: 0, y: 0}
      m_Rotation: 0
      m_Anchor: 9
    m_Material: {fileID: 0}
    m_SubmeshIndex: 0
    m_ManualUV: 1
    elementGroup: -1
    m_TextureGroup: -1
  - m_Indexes: 8e0000008f00000090000000900000008f00000092000000
    m_SmoothingGroup: 2
    m_Uv:
      m_UseWorldSpace: 0
      m_FlipU: 0
      m_FlipV: 0
      m_SwapUV: 0
      m_Fill: 1
      m_Scale: {x: 1, y: 1}
      m_Offset: {x: 0, y: 0}
      m_Rotation: 0
      m_Anchor: 9
    m_Material: {fileID: 0}
    m_SubmeshIndex: 0
    m_ManualUV: 1
    elementGroup: -1
    m_TextureGroup: -1
  - m_Indexes: 930000009400000095000000990000009400000093000000
    m_SmoothingGroup: 2
    m_Uv:
      m_UseWorldSpace: 0
      m_FlipU: 0
      m_FlipV: 0
      m_SwapUV: 0
      m_Fill: 1
      m_Scale: {x: 1, y: 1}
      m_Offset: {x: 0, y: 0}
      m_Rotation: 0
      m_Anchor: 9
    m_Material: {fileID: 0}
    m_SubmeshIndex: 0
    m_ManualUV: 1
    elementGroup: -1
    m_TextureGroup: -1
  - m_Indexes: 96000000970000009800000098000000970000009a000000
    m_SmoothingGroup: 2
    m_Uv:
      m_UseWorldSpace: 0
      m_FlipU: 0
      m_FlipV: 0
      m_SwapUV: 0
      m_Fill: 1
      m_Scale: {x: 1, y: 1}
      m_Offset: {x: 0, y: 0}
      m_Rotation: 0
      m_Anchor: 9
    m_Material: {fileID: 0}
    m_SubmeshIndex: 0
    m_ManualUV: 1
    elementGroup: -1
    m_TextureGroup: -1
  - m_Indexes: 9b0000009c0000009d000000a10000009c0000009b000000
    m_SmoothingGroup: 2
    m_Uv:
      m_UseWorldSpace: 0
      m_FlipU: 0
      m_FlipV: 0
      m_SwapUV: 0
      m_Fill: 1
      m_Scale: {x: 1, y: 1}
      m_Offset: {x: 0, y: 0}
      m_Rotation: 0
      m_Anchor: 9
    m_Material: {fileID: 0}
    m_SubmeshIndex: 0
    m_ManualUV: 1
    elementGroup: -1
    m_TextureGroup: -1
  - m_Indexes: a2000000a3000000a4000000a4000000a3000000a5000000
    m_SmoothingGroup: 2
    m_Uv:
      m_UseWorldSpace: 0
      m_FlipU: 0
      m_FlipV: 0
      m_SwapUV: 0
      m_Fill: 1
      m_Scale: {x: 1, y: 1}
      m_Offset: {x: 0, y: 0}
      m_Rotation: 0
      m_Anchor: 9
    m_Material: {fileID: 0}
    m_SubmeshIndex: 0
    m_ManualUV: 1
    elementGroup: -1
    m_TextureGroup: -1
  m_SharedVertices:
  - m_Vertices: 000000004f00000052000000
  - m_Vertices: 010000004e0000007c000000
  - m_Vertices: 02000000050000007e00000080000000
  - m_Vertices: 03000000040000005000000055000000
  - m_Vertices: 060000000900000082000000
  - m_Vertices: 070000000800000053000000
  - m_Vertices: 0a0000000d0000008600000088000000
  - m_Vertices: 0b0000000c000000570000005d000000
  - m_Vertices: 0e000000110000008a0000008e000000
  - m_Vertices: 0f000000100000005b00000061000000
  - m_Vertices: 120000001500000090000000
  - m_Vertices: 13000000140000005f000000
  - m_Vertices: 16000000190000009200000096000000
  - m_Vertices: 17000000180000006500000069000000
  - m_Vertices: 1a0000001d00000098000000
  - m_Vertices: 1b0000001c000000670000006f000000
  - m_Vertices: 1e000000210000009a0000009e000000
  - m_Vertices: 1f000000200000006d000000
  - m_Vertices: 2200000025000000a0000000a2000000
  - m_Vertices: 23000000240000007100000077000000
  - m_Vertices: 2600000029000000a4000000
  - m_Vertices: 270000002800000075000000
  - m_Vertices: 2a0000002d000000a1000000a5000000
  - m_Vertices: 2b0000002c0000007a0000007b000000
  - m_Vertices: 2e000000310000009b000000
  - m_Vertices: 2f000000300000007400000078000000
  - m_Vertices: 3200000035000000990000009d000000
  - m_Vertices: 33000000340000007000000072000000
  - m_Vertices: 360000003900000093000000
  - m_Vertices: 37000000380000006c000000
  - m_Vertices: 3a0000003d0000009100000095000000
  - m_Vertices: 3b0000003c000000660000006a000000
  - m_Vertices: 3e000000410000008b000000
  - m_Vertices: 3f0000004000000064000000
  - m_Vertices: 4200000045000000870000008d000000
  - m_Vertices: 43000000440000005e00000062000000
  - m_Vertices: 460000004900000083000000
  - m_Vertices: 47000000480000005a000000
  - m_Vertices: 4a0000004d0000007f00000085000000
  - m_Vertices: 4b0000004c0000005600000058000000
  - m_Vertices: 5100000054000000590000005c0000006000000063000000680000006b0000006e000000730000007600000079000000
  - m_Vertices: 7d0000008100000084000000890000008c0000008f00000094000000970000009c0000009f000000a3000000
  m_SharedTextures: []
  m_Positions:
  - {x: 0.024471432, y: -1, z: -0.15450859}
  - {x: 0.024471432, y: 1, z: -0.15450859}
  - {x: 0.09549123, y: 1, z: -0.2938928}
  - {x: 0.09549123, y: -1, z: -0.2938928}
  - {x: 0.09549123, y: -1, z: -0.2938928}
  - {x: 0.09549123, y: 1, z: -0.2938928}
  - {x: 0.2061072, y: 1, z: -0.40450874}
  - {x: 0.2061072, y: -1, z: -0.40450874}
  - {x: 0.2061072, y: -1, z: -0.40450874}
  - {x: 0.2061072, y: 1, z: -0.40450874}
  - {x: 0.3454914, y: 1, z: -0.4755285}
  - {x: 0.3454914, y: -1, z: -0.4755285}
  - {x: 0.3454914, y: -1, z: -0.4755285}
  - {x: 0.3454914, y: 1, z: -0.4755285}
  - {x: 0.5, y: 1, z: -0.50000024}
  - {x: 0.5, y: -1, z: -0.50000024}
  - {x: 0.5, y: -1, z: -0.50000024}
  - {x: 0.5, y: 1, z: -0.50000024}
  - {x: 0.6545086, y: 1, z: -0.47552848}
  - {x: 0.6545086, y: -1, z: -0.47552848}
  - {x: 0.6545086, y: -1, z: -0.47552848}
  - {x: 0.6545086, y: 1, z: -0.47552848}
  - {x: 0.79389274, y: 1, z: -0.40450865}
  - {x: 0.79389274, y: -1, z: -0.40450865}
  - {x: 0.79389274, y: -1, z: -0.40450865}
  - {x: 0.79389274, y: 1, z: -0.40450865}
  - {x: 0.9045086, y: 1, z: -0.2938927}
  - {x: 0.9045086, y: -1, z: -0.2938927}
  - {x: 0.9045086, y: -1, z: -0.2938927}
  - {x: 0.9045086, y: 1, z: -0.2938927}
  - {x: 0.97552836, y: 1, z: -0.15450853}
  - {x: 0.97552836, y: -1, z: -0.15450853}
  - {x: 0.97552836, y: -1, z: -0.15450853}
  - {x: 0.97552836, y: 1, z: -0.15450853}
  - {x: 1.0000001, y: 1, z: 0}
  - {x: 1.0000001, y: -1, z: 0}
  - {x: 1.0000001, y: -1, z: 0}
  - {x: 1.0000001, y: 1, z: 0}
  - {x: 0.97552836, y: 1, z: 0.15450853}
  - {x: 0.97552836, y: -1, z: 0.15450853}
  - {x: 0.97552836, y: -1, z: 0.15450853}
  - {x: 0.97552836, y: 1, z: 0.15450853}
  - {x: 0.9045086, y: 1, z: 0.29389268}
  - {x: 0.9045086, y: -1, z: 0.29389268}
  - {x: 0.9045086, y: -1, z: 0.29389268}
  - {x: 0.9045086, y: 1, z: 0.29389268}
  - {x: 0.7938927, y: 1, z: 0.40450856}
  - {x: 0.7938927, y: -1, z: 0.40450856}
  - {x: 0.7938927, y: -1, z: 0.40450856}
  - {x: 0.7938927, y: 1, z: 0.40450856}
  - {x: 0.65450853, y: 1, z: 0.47552833}
  - {x: 0.65450853, y: -1, z: 0.47552833}
  - {x: 0.65450853, y: -1, z: 0.47552833}
  - {x: 0.65450853, y: 1, z: 0.47552833}
  - {x: 0.5, y: 1, z: 0.50000006}
  - {x: 0.5, y: -1, z: 0.50000006}
  - {x: 0.5, y: -1, z: 0.50000006}
  - {x: 0.5, y: 1, z: 0.50000006}
  - {x: 0.34549153, y: 1, z: 0.4755283}
  - {x: 0.34549153, y: -1, z: 0.4755283}
  - {x: 0.34549153, y: -1, z: 0.4755283}
  - {x: 0.34549153, y: 1, z: 0.4755283}
  - {x: 0.20610738, y: 1, z: 0.40450853}
  - {x: 0.20610738, y: -1, z: 0.40450853}
  - {x: 0.20610738, y: -1, z: 0.40450853}
  - {x: 0.20610738, y: 1, z: 0.40450853}
  - {x: 0.0954915, y: 1, z: 0.29389265}
  - {x: 0.0954915, y: -1, z: 0.29389265}
  - {x: 0.0954915, y: -1, z: 0.29389265}
  - {x: 0.0954915, y: 1, z: 0.29389265}
  - {x: 0.02447173, y: 1, z: 0.1545085}
  - {x: 0.02447173, y: -1, z: 0.1545085}
  - {x: 0.02447173, y: -1, z: 0.1545085}
  - {x: 0.02447173, y: 1, z: 0.1545085}
  - {x: 0, y: 1, z: 0}
  - {x: 0, y: -1, z: 0}
  - {x: 0, y: -1, z: 0}
  - {x: 0, y: 1, z: 0}
  - {x: 0.024471432, y: 1, z: -0.15450859}
  - {x: 0.024471432, y: -1, z: -0.15450859}
  - {x: 0.09549123, y: -1, z: -0.2938928}
  - {x: 0.5, y: -1, z: 0}
  - {x: 0.024471432, y: -1, z: -0.15450859}
  - {x: 0.2061072, y: -1, z: -0.40450874}
  - {x: 0.5, y: -1, z: 0}
  - {x: 0.09549123, y: -1, z: -0.2938928}
  - {x: 0, y: -1, z: 0}
  - {x: 0.3454914, y: -1, z: -0.4755285}
  - {x: 0, y: -1, z: 0}
  - {x: 0.5, y: -1, z: 0}
  - {x: 0.02447173, y: -1, z: 0.1545085}
  - {x: 0.5, y: -1, z: -0.50000024}
  - {x: 0.5, y: -1, z: 0}
  - {x: 0.3454914, y: -1, z: -0.4755285}
  - {x: 0.0954915, y: -1, z: 0.29389265}
  - {x: 0.6545086, y: -1, z: -0.47552848}
  - {x: 0.5, y: -1, z: 0}
  - {x: 0.5, y: -1, z: -0.50000024}
  - {x: 0.0954915, y: -1, z: 0.29389265}
  - {x: 0.5, y: -1, z: 0}
  - {x: 0.20610738, y: -1, z: 0.40450853}
  - {x: 0.79389274, y: -1, z: -0.40450865}
  - {x: 0.34549153, y: -1, z: 0.4755283}
  - {x: 0.9045086, y: -1, z: -0.2938927}
  - {x: 0.5, y: -1, z: 0}
  - {x: 0.79389274, y: -1, z: -0.40450865}
  - {x: 0.34549153, y: -1, z: 0.4755283}
  - {x: 0.5, y: -1, z: 0}
  - {x: 0.5, y: -1, z: 0.50000006}
  - {x: 0.97552836, y: -1, z: -0.15450853}
  - {x: 0.5, y: -1, z: 0}
  - {x: 0.9045086, y: -1, z: -0.2938927}
  - {x: 0.65450853, y: -1, z: 0.47552833}
  - {x: 1.0000001, y: -1, z: 0}
  - {x: 0.65450853, y: -1, z: 0.47552833}
  - {x: 0.5, y: -1, z: 0}
  - {x: 0.7938927, y: -1, z: 0.40450856}
  - {x: 0.97552836, y: -1, z: 0.15450853}
  - {x: 0.5, y: -1, z: 0}
  - {x: 1.0000001, y: -1, z: 0}
  - {x: 0.7938927, y: -1, z: 0.40450856}
  - {x: 0.5, y: -1, z: 0}
  - {x: 0.9045086, y: -1, z: 0.29389268}
  - {x: 0.9045086, y: -1, z: 0.29389268}
  - {x: 0.024471432, y: 1, z: -0.15450859}
  - {x: 0.5, y: 1, z: 0}
  - {x: 0.09549123, y: 1, z: -0.2938928}
  - {x: 0, y: 1, z: 0}
  - {x: 0.09549123, y: 1, z: -0.2938928}
  - {x: 0.5, y: 1, z: 0}
  - {x: 0.2061072, y: 1, z: -0.40450874}
  - {x: 0.02447173, y: 1, z: 0.1545085}
  - {x: 0.5, y: 1, z: 0}
  - {x: 0, y: 1, z: 0}
  - {x: 0.3454914, y: 1, z: -0.4755285}
  - {x: 0.0954915, y: 1, z: 0.29389265}
  - {x: 0.3454914, y: 1, z: -0.4755285}
  - {x: 0.5, y: 1, z: 0}
  - {x: 0.5, y: 1, z: -0.50000024}
  - {x: 0.20610738, y: 1, z: 0.40450853}
  - {x: 0.5, y: 1, z: 0}
  - {x: 0.0954915, y: 1, z: 0.29389265}
  - {x: 0.5, y: 1, z: -0.50000024}
  - {x: 0.5, y: 1, z: 0}
  - {x: 0.6545086, y: 1, z: -0.47552848}
  - {x: 0.34549153, y: 1, z: 0.4755283}
  - {x: 0.79389274, y: 1, z: -0.40450865}
  - {x: 0.5, y: 1, z: 0.50000006}
  - {x: 0.5, y: 1, z: 0}
  - {x: 0.34549153, y: 1, z: 0.4755283}
  - {x: 0.79389274, y: 1, z: -0.40450865}
  - {x: 0.5, y: 1, z: 0}
  - {x: 0.9045086, y: 1, z: -0.2938927}
  - {x: 0.65450853, y: 1, z: 0.47552833}
  - {x: 0.97552836, y: 1, z: -0.15450853}
  - {x: 0.7938927, y: 1, z: 0.40450856}
  - {x: 0.5, y: 1, z: 0}
  - {x: 0.65450853, y: 1, z: 0.47552833}
  - {x: 0.97552836, y: 1, z: -0.15450853}
  - {x: 0.5, y: 1, z: 0}
  - {x: 1.0000001, y: 1, z: 0}
  - {x: 0.9045086, y: 1, z: 0.29389268}
  - {x: 1.0000001, y: 1, z: 0}
  - {x: 0.5, y: 1, z: 0}
  - {x: 0.97552836, y: 1, z: 0.15450853}
  - {x: 0.9045086, y: 1, z: 0.29389268}
  m_Textures0:
  - {x: 0.100599855, y: 0.00045373812}
  - {x: 0.100599565, y: 0.9994308}
  - {x: 0.20050527, y: 0.9994308}
  - {x: 0.20050539, y: 0.00045373812}
  - {x: 0.20050539, y: 0.00045373812}
  - {x: 0.20050527, y: 0.9994308}
  - {x: 0.300411, y: 0.9994308}
  - {x: 0.300411, y: 0.00045373812}
  - {x: 0.300411, y: 0.00045373812}
  - {x: 0.300411, y: 0.9994308}
  - {x: 0.4003165, y: 0.9994308}
  - {x: 0.4003165, y: 0.00045373812}
  - {x: 0.4003165, y: 0.00045373812}
  - {x: 0.4003165, y: 0.9994308}
  - {x: 0.50022197, y: 0.9994308}
  - {x: 0.50022197, y: 0.00045373812}
  - {x: 0.50022197, y: 0.00045373812}
  - {x: 0.50022197, y: 0.9994308}
  - {x: 0.6001273, y: 0.9994308}
  - {x: 0.6001273, y: 0.00045373812}
  - {x: 0.6001273, y: 0.00045373812}
  - {x: 0.6001273, y: 0.9994308}
  - {x: 0.7000328, y: 0.9994308}
  - {x: 0.7000327, y: 0.00045373812}
  - {x: 0.7000327, y: 0.00045373812}
  - {x: 0.7000328, y: 0.9994308}
  - {x: 0.79993814, y: 0.9994308}
  - {x: 0.79993796, y: 0.00045373812}
  - {x: 0.79993796, y: 0.00045373812}
  - {x: 0.79993814, y: 0.9994308}
  - {x: 0.89984345, y: 0.9994308}
  - {x: 0.8998432, y: 0.00045373812}
  - {x: 0.8998432, y: 0.00045373812}
  - {x: 0.89984345, y: 0.9994308}
  - {x: 0.9997491, y: 0.9994308}
  - {x: 0.999749, y: 0.00045373812}
  - {x: 0.0006936856, y: 0.00045373812}
  - {x: 0.00069404463, y: 0.9994308}
  - {x: 0.10059965, y: 0.9994308}
  - {x: 0.10059935, y: 0.00045373812}
  - {x: 0.10059935, y: 0.00045373812}
  - {x: 0.10059965, y: 0.9994308}
  - {x: 0.2005051, y: 0.9994308}
  - {x: 0.20050502, y: 0.00045373812}
  - {x: 0.20050502, y: 0.00045373812}
  - {x: 0.2005051, y: 0.9994308}
  - {x: 0.30041057, y: 0.9994308}
  - {x: 0.30041057, y: 0.00045373812}
  - {x: 0.30041057, y: 0.00045373812}
  - {x: 0.30041057, y: 0.9994308}
  - {x: 0.400316, y: 0.9994308}
  - {x: 0.400316, y: 0.00045373812}
  - {x: 0.400316, y: 0.00045373812}
  - {x: 0.400316, y: 0.9994308}
  - {x: 0.5002215, y: 0.9994308}
  - {x: 0.5002215, y: 0.00045373812}
  - {x: 0.5002215, y: 0.00045373812}
  - {x: 0.5002215, y: 0.9994308}
  - {x: 0.6001268, y: 0.9994308}
  - {x: 0.6001268, y: 0.00045373812}
  - {x: 0.6001268, y: 0.00045373812}
  - {x: 0.6001268, y: 0.9994308}
  - {x: 0.7000321, y: 0.9994308}
  - {x: 0.7000322, y: 0.00045373812}
  - {x: 0.7000322, y: 0.00045373812}
  - {x: 0.7000321, y: 0.9994308}
  - {x: 0.7999371, y: 0.9994308}
  - {x: 0.7999375, y: 0.00045373812}
  - {x: 0.7999375, y: 0.00045373812}
  - {x: 0.7999371, y: 0.9994308}
  - {x: 0.89984244, y: 0.9994308}
  - {x: 0.8998428, y: 0.00045373812}
  - {x: 0.8998428, y: 0.00045373812}
  - {x: 0.89984244, y: 0.9994308}
  - {x: 0.9997478, y: 0.9994308}
  - {x: 0.99974805, y: 0.00045373812}
  - {x: 0.00069427, y: 0.00045373812}
  - {x: 0.0006939089, y: 0.9994308}
  - {x: 0.100599565, y: 0.9994308}
  - {x: 0.100599855, y: 0.00045373812}
  - {x: 0.0988569, y: 0.7915539}
  - {x: 0.5002239, y: 0.49994427}
  - {x: 0.028388768, y: 0.6532523}
  - {x: 0.20861363, y: 0.90131074}
  - {x: 0.5002239, y: 0.49994427}
  - {x: 0.0988569, y: 0.7915539}
  - {x: 0.004107505, y: 0.49994415}
  - {x: 0.34691536, y: 0.97177905}
  - {x: 0.004107505, y: 0.49994415}
  - {x: 0.5002239, y: 0.49994427}
  - {x: 0.028389134, y: 0.34663606}
  - {x: 0.500224, y: 0.99606085}
  - {x: 0.5002239, y: 0.49994427}
  - {x: 0.34691536, y: 0.97177905}
  - {x: 0.09885708, y: 0.20833468}
  - {x: 0.6535327, y: 0.97177905}
  - {x: 0.5002239, y: 0.49994427}
  - {x: 0.500224, y: 0.99606085}
  - {x: 0.09885708, y: 0.20833468}
  - {x: 0.5002239, y: 0.49994427}
  - {x: 0.20861363, y: 0.09857795}
  - {x: 0.7918344, y: 0.9013106}
  - {x: 0.346915, y: 0.028109718}
  - {x: 0.901591, y: 0.79155356}
  - {x: 0.5002239, y: 0.49994427}
  - {x: 0.7918344, y: 0.9013106}
  - {x: 0.346915, y: 0.028109718}
  - {x: 0.5002239, y: 0.49994427}
  - {x: 0.5002234, y: 0.0038278755}
  - {x: 0.97205883, y: 0.65325207}
  - {x: 0.5002239, y: 0.49994427}
  - {x: 0.901591, y: 0.79155356}
  - {x: 0.65353197, y: 0.028109442}
  - {x: 0.99634045, y: 0.49994373}
  - {x: 0.65353197, y: 0.028109442}
  - {x: 0.5002239, y: 0.49994427}
  - {x: 0.7918337, y: 0.09857755}
  - {x: 0.9720586, y: 0.3466355}
  - {x: 0.5002239, y: 0.49994427}
  - {x: 0.99634045, y: 0.49994373}
  - {x: 0.7918337, y: 0.09857755}
  - {x: 0.5002239, y: 0.49994427}
  - {x: 0.9015904, y: 0.20833413}
  - {x: 0.9015904, y: 0.20833413}
  - {x: 0.9720596, y: 0.6532523}
  - {x: 0.5002245, y: 0.49994415}
  - {x: 0.9015915, y: 0.7915539}
  - {x: 0.9963408, y: 0.4999439}
  - {x: 0.9015915, y: 0.7915539}
  - {x: 0.5002245, y: 0.49994415}
  - {x: 0.79183465, y: 0.90131074}
  - {x: 0.9720591, y: 0.34663567}
  - {x: 0.5002245, y: 0.49994415}
  - {x: 0.9963408, y: 0.4999439}
  - {x: 0.653533, y: 0.97177905}
  - {x: 0.901591, y: 0.20833425}
  - {x: 0.653533, y: 0.97177905}
  - {x: 0.5002245, y: 0.49994415}
  - {x: 0.5002243, y: 0.99606085}
  - {x: 0.7918344, y: 0.09857755}
  - {x: 0.5002245, y: 0.49994415}
  - {x: 0.901591, y: 0.20833425}
  - {x: 0.5002243, y: 0.99606085}
  - {x: 0.5002245, y: 0.49994415}
  - {x: 0.34691566, y: 0.97177905}
  - {x: 0.6535327, y: 0.028109413}
  - {x: 0.20861419, y: 0.9013106}
  - {x: 0.5002242, y: 0.0038277227}
  - {x: 0.5002245, y: 0.49994415}
  - {x: 0.6535327, y: 0.028109413}
  - {x: 0.20861419, y: 0.9013106}
  - {x: 0.5002245, y: 0.49994415}
  - {x: 0.098857604, y: 0.7915537}
  - {x: 0.34691587, y: 0.028109383}
  - {x: 0.028389595, y: 0.6532522}
  - {x: 0.20861442, y: 0.09857755}
  - {x: 0.5002245, y: 0.49994415}
  - {x: 0.34691587, y: 0.028109383}
  - {x: 0.028389595, y: 0.6532522}
  - {x: 0.5002245, y: 0.49994415}
  - {x: 0.0041080266, y: 0.49994385}
  - {x: 0.09885782, y: 0.20833413}
  - {x: 0.0041080266, y: 0.49994385}
  - {x: 0.5002245, y: 0.49994415}
  - {x: 0.028389715, y: 0.34663555}
  - {x: 0.09885782, y: 0.20833413}
  m_Textures2: []
  m_Textures3: []
  m_Tangents:
  - {x: 0.30901605, y: 0, z: -0.95105684, w: -1}
  - {x: 0.30901602, y: 0, z: -0.95105684, w: -1}
  - {x: 0.5877853, y: 0, z: -0.809017, w: -1}
  - {x: 0.5877853, y: 0, z: -0.80901694, w: -1}
  - {x: 0.58778524, y: 0, z: -0.80901694, w: -1}
  - {x: 0.5877853, y: 0, z: -0.809017, w: -1}
  - {x: 0.8090171, y: 0, z: -0.58778507, w: -1}
  - {x: 0.80901706, y: 0, z: -0.58778507, w: -1}
  - {x: 0.8090171, y: 0, z: -0.5877851, w: -1}
  - {x: 0.8090171, y: 0, z: -0.5877851, w: -1}
  - {x: 0.95105654, y: 0, z: -0.3090168, w: -1}
  - {x: 0.95105654, y: 0, z: -0.3090168, w: -1}
  - {x: 0.95105654, y: 0, z: -0.30901685, w: -1}
  - {x: 0.95105654, y: 0, z: -0.30901685, w: -1}
  - {x: 1, y: 0, z: 0.00000009635111, w: -1}
  - {x: 1, y: 0, z: 0.00000009635111, w: -1}
  - {x: 1, y: 0, z: 0.00000009635096, w: -1}
  - {x: 1, y: 0, z: 0.00000009635096, w: -1}
  - {x: 0.9510565, y: 0, z: 0.3090172, w: -1}
  - {x: 0.9510565, y: 0, z: 0.3090172, w: -1}
  - {x: 0.9510565, y: 0, z: 0.30901712, w: -1}
  - {x: 0.9510565, y: 0, z: 0.30901718, w: -1}
  - {x: 0.80901676, y: 0, z: 0.58778554, w: -1}
  - {x: 0.80901676, y: 0, z: 0.58778554, w: -1}
  - {x: 0.8090168, y: 0, z: 0.5877856, w: -1}
  - {x: 0.80901676, y: 0, z: 0.58778554, w: -1}
  - {x: 0.58778507, y: 0, z: 0.8090172, w: -1}
  - {x: 0.58778507, y: 0, z: 0.8090172, w: -1}
  - {x: 0.587785, y: 0, z: 0.8090171, w: -1}
  - {x: 0.587785, y: 0, z: 0.8090171, w: -1}
  - {x: 0.309017, y: 0, z: 0.9510565, w: -1}
  - {x: 0.30901703, y: 0, z: 0.9510566, w: -1}
  - {x: 0.30901703, y: 0, z: 0.9510565, w: -1}
  - {x: 0.30901703, y: 0, z: 0.95105654, w: -1}
  - {x: 0, y: 0, z: 1, w: -1}
  - {x: 0, y: 0, z: 1, w: -1}
  - {x: 0, y: 0, z: 1, w: -1}
  - {x: 0, y: 0, z: 1, w: -1}
  - {x: -0.30901706, y: 0, z: 0.95105654, w: -1}
  - {x: -0.3090171, y: 0, z: 0.95105654, w: -1}
  - {x: -0.309017, y: 0, z: 0.9510565, w: -1}
  - {x: -0.30901703, y: 0, z: 0.95105654, w: -1}
  - {x: -0.58778524, y: 0, z: 0.809017, w: -1}
  - {x: -0.58778524, y: 0, z: 0.809017, w: -1}
  - {x: -0.58778524, y: 0, z: 0.80901694, w: -1}
  - {x: -0.5877852, y: 0, z: 0.809017, w: -1}
  - {x: -0.80901706, y: 0, z: 0.5877852, w: -1}
  - {x: -0.80901706, y: 0, z: 0.5877851, w: -1}
  - {x: -0.80901706, y: 0, z: 0.5877852, w: -1}
  - {x: -0.80901706, y: 0, z: 0.5877852, w: -1}
  - {x: -0.95105654, y: 0, z: 0.30901694, w: -1}
  - {x: -0.95105654, y: 0, z: 0.30901694, w: -1}
  - {x: -0.95105654, y: 0, z: 0.30901694, w: -1}
  - {x: -0.95105654, y: 0, z: 0.30901694, w: -1}
  - {x: -1, y: 0, z: -0.00000012525652, w: -1}
  - {x: -1, y: 0, z: -0.00000012525652, w: -1}
  - {x: -1, y: 0, z: -0.00000012525634, w: -1}
  - {x: -1, y: 0, z: -0.00000012525634, w: -1}
  - {x: -0.9510565, y: 0, z: -0.3090171, w: -1}
  - {x: -0.9510565, y: 0, z: -0.3090171, w: -1}
  - {x: -0.95105654, y: 0, z: -0.3090171, w: -1}
  - {x: -0.95105654, y: 0, z: -0.3090171, w: -1}
  - {x: -0.809017, y: 0, z: -0.5877853, w: -1}
  - {x: -0.809017, y: 0, z: -0.58778524, w: -1}
  - {x: -0.809017, y: 0, z: -0.58778524, w: -1}
  - {x: -0.809017, y: 0, z: -0.58778524, w: -1}
  - {x: -0.58778524, y: 0, z: -0.809017, w: -1}
  - {x: -0.58778524, y: 0, z: -0.809017, w: -1}
  - {x: -0.58778524, y: 0, z: -0.80901706, w: -1}
  - {x: -0.58778524, y: 0, z: -0.80901706, w: -1}
  - {x: -0.30901697, y: 0, z: -0.95105654, w: -1}
  - {x: -0.30901697, y: 0, z: -0.95105654, w: -1}
  - {x: -0.30901694, y: 0, z: -0.9510565, w: -1}
  - {x: -0.30901697, y: 0, z: -0.9510565, w: -1}
  - {x: -0.0000009827802, y: 0, z: -1, w: -1}
  - {x: -0.0000009827796, y: 0, z: -1, w: -1}
  - {x: -0.000000982783, y: 0, z: -1, w: -1}
  - {x: -0.0000009827834, y: 0, z: -1, w: -1}
  - {x: 0.30901605, y: 0, z: -0.9510568, w: -1}
  - {x: 0.30901605, y: 0, z: -0.9510568, w: -1}
  - {x: 1, y: 0, z: 0.00000088428243, w: -1}
  - {x: 1, y: 0, z: 0.0000005622839, w: -1}
  - {x: 1, y: 0, z: 0.0000005622839, w: -1}
  - {x: 1, y: 0, z: 0.0000010343618, w: -1}
  - {x: 1, y: 0, z: 0.0000010343618, w: -1}
  - {x: 1, y: 0, z: 0.0000008706187, w: -1}
  - {x: 1, y: 0, z: 0.00000024028546, w: -1}
  - {x: 1, y: 0, z: 0.000001198105, w: -1}
  - {x: 1, y: 0, z: 0.0000002402854, w: -1}
  - {x: 1, y: 0, z: 0.00000010190986, w: -1}
  - {x: 1, y: 0, z: 0.00000010190986, w: -1}
  - {x: 1, y: 0, z: 0.000000974889, w: -1}
  - {x: 1, y: 0, z: 0.000000974889, w: -1}
  - {x: 1, y: 0, z: 0.000000974889, w: -1}
  - {x: 1, y: 0, z: -0.000000036465615, w: -1}
  - {x: 1, y: 0, z: -0.0000011626723, w: -1}
  - {x: 1, y: 0, z: -0.0000011626723, w: -1}
  - {x: 1, y: 0, z: -0.00000078200446, w: -1}
  - {x: 1, y: 0, z: -0.0000006272335, w: -1}
  - {x: 1, y: 0, z: -0.0000006892228, w: -1}
  - {x: 1, y: 0, z: -0.0000006892228, w: -1}
  - {x: 1, y: 0, z: -0.0000015433402, w: -1}
  - {x: 1, y: 0, z: -0.0000007512121, w: -1}
  - {x: 1, y: 0, z: -0.000002172774, w: -1}
  - {x: 1, y: 0, z: -0.000002172774, w: -1}
  - {x: 1, y: 0, z: -0.000002172774, w: -1}
  - {x: 1, y: 0, z: -0.0000010672426, w: -1}
  - {x: 1, y: 0, z: -0.0000008053087, w: -1}
  - {x: 1, y: 0, z: -0.0000008053087, w: -1}
  - {x: 1, y: 0, z: -0.0000010554371, w: -1}
  - {x: 1, y: 0, z: -0.0000010554371, w: -1}
  - {x: 1, y: 0, z: -0.0000010295913, w: -1}
  - {x: 1, y: 0, z: -0.0000005433747, w: -1}
  - {x: 1, y: 0, z: -0.0000010812829, w: -1}
  - {x: 1, y: 0, z: -0.00000022322288, w: -1}
  - {x: 1, y: 0, z: -0.00000022322288, w: -1}
  - {x: 1, y: 0, z: -0.00000022322288, w: -1}
  - {x: 1, y: 0, z: -0.0000010118089, w: -1}
  - {x: 1, y: 0, z: -0.0000010118089, w: -1}
  - {x: 1, y: 0, z: -0.0000010812831, w: -1}
  - {x: 1, y: 0, z: -0.0000007148356, w: -1}
  - {x: 1, y: 0, z: -0.0000007148356, w: -1}
  - {x: 1, y: 0, z: -0.0000007148356, w: -1}
  - {x: 1, y: 0, z: -0.00000094233474, w: -1}
  - {x: -1, y: 0, z: -0.00000057404424, w: -1}
  - {x: -1, y: 0, z: -0.00000057404424, w: -1}
  - {x: -1, y: 0, z: -0.0000006675182, w: -1}
  - {x: -1, y: 0, z: -0.00000048057024, w: -1}
  - {x: -1, y: 0, z: -0.0000006985936, w: -1}
  - {x: -1, y: 0, z: -0.00000089312573, w: -1}
  - {x: -1, y: 0, z: -0.00000089312573, w: -1}
  - {x: -1, y: 0, z: -0.00000040731095, w: -1}
  - {x: -1, y: 0, z: -0.00000040731095, w: -1}
  - {x: -1, y: 0, z: -0.0000004805703, w: -1}
  - {x: -1, y: 0, z: -0.0000010876579, w: -1}
  - {x: -1, y: 0, z: -0.00000033405163, w: -1}
  - {x: -1, y: 0, z: -0.00000093683144, w: -1}
  - {x: -1, y: 0, z: -0.00000093683144, w: -1}
  - {x: -1, y: 0, z: -0.00000093683144, w: -1}
  - {x: -1, y: 0, z: 0.00000003034328, w: -1}
  - {x: -1, y: 0, z: 0.00000003034328, w: -1}
  - {x: -1, y: 0, z: 0.00000004359133, w: -1}
  - {x: -1, y: 0, z: 0.0000007439469, w: -1}
  - {x: -1, y: 0, z: 0.0000010884202, w: -1}
  - {x: -1, y: 0, z: 0.0000010884202, w: -1}
  - {x: -1, y: 0, z: 0.000000017095203, w: -1}
  - {x: -1, y: 0, z: 0.000001432893, w: -1}
  - {x: -1, y: 0, z: 0.000000002241542, w: -1}
  - {x: -1, y: 0, z: 0.000000002241542, w: -1}
  - {x: -1, y: 0, z: 0.00000005610391, w: -1}
  - {x: -1, y: 0, z: 0.000001371676, w: -1}
  - {x: -1, y: 0, z: 0.0000009838692, w: -1}
  - {x: -1, y: 0, z: 0.0000009838692, w: -1}
  - {x: -1, y: 0, z: -0.000000051620738, w: -1}
  - {x: -1, y: 0, z: 0.00000059606253, w: -1}
  - {x: -1, y: 0, z: 0.0000001582462, w: -1}
  - {x: -1, y: 0, z: 0.0000001582462, w: -1}
  - {x: -1, y: 0, z: -0.00000021556679, w: -1}
  - {x: -1, y: 0, z: 0.00000060071255, w: -1}
  - {x: -1, y: 0, z: 0.00000060071255, w: -1}
  - {x: -1, y: 0, z: 0.00000060071255, w: -1}
  - {x: -1, y: 0, z: 0.0000005320592, w: -1}
  - {x: -1, y: 0, z: 0.0000006007126, w: -1}
  - {x: -1, y: 0, z: 0.00000056242686, w: -1}
  - {x: -1, y: 0, z: 0.00000056242686, w: -1}
  - {x: -1, y: 0, z: 0.00000052414117, w: -1}
  m_Colors: []
  m_UnwrapParameters:
    m_HardAngle: 88
    m_PackMargin: 20
    m_AngleError: 8
    m_AreaError: 15
  m_PreserveMeshAssetOnDestroy: 0
  assetGuid: 
  m_IsSelectable: 1
  m_SelectedFaces: 
  m_SelectedEdges: []
  m_SelectedVertices: 
--- !u!65 &5639636318762358545
BoxCollider:
  m_ObjectHideFlags: 0
  m_CorrespondingSourceObject: {fileID: 0}
  m_PrefabInstance: {fileID: 0}
  m_PrefabAsset: {fileID: 0}
  m_GameObject: {fileID: 5639636318762358542}
  m_Material: {fileID: 0}
  m_IsTrigger: 1
  m_Enabled: 1
  serializedVersion: 2
  m_Size: {x: 1.0000001, y: 20.17, z: 1.0000005}
  m_Center: {x: 0.50000006, y: 0, z: -0.00000008940699}
--- !u!65 &5639636318762358544
BoxCollider:
  m_ObjectHideFlags: 0
  m_CorrespondingSourceObject: {fileID: 0}
  m_PrefabInstance: {fileID: 0}
  m_PrefabAsset: {fileID: 0}
  m_GameObject: {fileID: 5639636318762358542}
  m_Material: {fileID: 0}
  m_IsTrigger: 0
  m_Enabled: 1
  serializedVersion: 2
  m_Size: {x: 1.0000001, y: 2.0000005, z: 1.0000005}
  m_Center: {x: 0.50000006, y: 0, z: -0.00000008940699}
--- !u!114 &5639636318762358549
MonoBehaviour:
  m_ObjectHideFlags: 0
  m_CorrespondingSourceObject: {fileID: 0}
  m_PrefabInstance: {fileID: 0}
  m_PrefabAsset: {fileID: 0}
  m_GameObject: {fileID: 5639636318762358542}
  m_Enabled: 1
  m_EditorHideFlags: 0
  m_Script: {fileID: 11500000, guid: d0a88091c8750f34baa51a31f56b52f2, type: 3}
  m_Name: 
  m_EditorClassIdentifier: 
  anim: {fileID: 211450594}
--- !u!1 &5639636319152240487
GameObject:
  m_ObjectHideFlags: 0
  m_CorrespondingSourceObject: {fileID: 0}
  m_PrefabInstance: {fileID: 0}
  m_PrefabAsset: {fileID: 0}
  serializedVersion: 6
  m_Component:
  - component: {fileID: 5639636319152240488}
  - component: {fileID: 5639636319152240492}
  - component: {fileID: 5639636319152240491}
  - component: {fileID: 5639636319152240490}
  - component: {fileID: 5639636319152240489}
  m_Layer: 0
  m_Name: TrapDoorLeft
  m_TagString: Untagged
  m_Icon: {fileID: 0}
  m_NavMeshLayer: 0
  m_StaticEditorFlags: 0
  m_IsActive: 1
--- !u!4 &5639636319152240488
Transform:
  m_ObjectHideFlags: 0
  m_CorrespondingSourceObject: {fileID: 0}
  m_PrefabInstance: {fileID: 0}
  m_PrefabAsset: {fileID: 0}
  m_GameObject: {fileID: 5639636319152240487}
  m_LocalRotation: {x: 0, y: 0, z: 0, w: 1}
  m_LocalPosition: {x: -0.25, y: 0, z: 0}
  m_LocalScale: {x: 1, y: 1, z: 1}
  m_Children: []
  m_Father: {fileID: 5639636320303840298}
  m_RootOrder: 0
  m_LocalEulerAnglesHint: {x: 0, y: 0, z: 0}
--- !u!33 &5639636319152240492
MeshFilter:
  m_ObjectHideFlags: 0
  m_CorrespondingSourceObject: {fileID: 0}
  m_PrefabInstance: {fileID: 0}
  m_PrefabAsset: {fileID: 0}
  m_GameObject: {fileID: 5639636319152240487}
  m_Mesh: {fileID: 0}
--- !u!23 &5639636319152240491
MeshRenderer:
  m_ObjectHideFlags: 0
  m_CorrespondingSourceObject: {fileID: 0}
  m_PrefabInstance: {fileID: 0}
  m_PrefabAsset: {fileID: 0}
  m_GameObject: {fileID: 5639636319152240487}
  m_Enabled: 1
  m_CastShadows: 1
  m_ReceiveShadows: 1
  m_DynamicOccludee: 1
  m_MotionVectors: 1
  m_LightProbeUsage: 1
  m_ReflectionProbeUsage: 1
  m_RenderingLayerMask: 1
  m_RendererPriority: 0
  m_Materials:
  - {fileID: 2100000, guid: c22777d6e868e4f2fb421913386b154e, type: 2}
  m_StaticBatchInfo:
    firstSubMesh: 0
    subMeshCount: 0
  m_StaticBatchRoot: {fileID: 0}
  m_ProbeAnchor: {fileID: 0}
  m_LightProbeVolumeOverride: {fileID: 0}
  m_ScaleInLightmap: 1
  m_ReceiveGI: 1
  m_PreserveUVs: 0
  m_IgnoreNormalsForChartDetection: 0
  m_ImportantGI: 0
  m_StitchLightmapSeams: 1
  m_SelectedEditorRenderState: 3
  m_MinimumChartSize: 4
  m_AutoUVMaxDistance: 0.5
  m_AutoUVMaxAngle: 89
  m_LightmapParameters: {fileID: 0}
  m_SortingLayerID: 0
  m_SortingLayer: 0
  m_SortingOrder: 0
--- !u!114 &5639636319152240490
MonoBehaviour:
  m_ObjectHideFlags: 0
  m_CorrespondingSourceObject: {fileID: 0}
  m_PrefabInstance: {fileID: 0}
  m_PrefabAsset: {fileID: 0}
  m_GameObject: {fileID: 5639636319152240487}
  m_Enabled: 1
  m_EditorHideFlags: 0
  m_Script: {fileID: 11500000, guid: 8233d90336aea43098adf6dbabd606a2, type: 3}
  m_Name: 
  m_EditorClassIdentifier: 
  m_MeshFormatVersion: 1
  m_Faces:
  - m_Indexes: 000000000100000002000000030000000000000002000000
    m_SmoothingGroup: 0
    m_Uv:
      m_UseWorldSpace: 0
      m_FlipU: 0
      m_FlipV: 0
      m_SwapUV: 0
      m_Fill: 1
      m_Scale: {x: 1, y: 1}
      m_Offset: {x: 0, y: 0}
      m_Rotation: 0
      m_Anchor: 9
    m_Material: {fileID: 2100000, guid: c22777d6e868e4f2fb421913386b154e, type: 2}
    m_SubmeshIndex: 0
    m_ManualUV: 0
    elementGroup: 0
    m_TextureGroup: 1
  - m_Indexes: 040000000500000006000000070000000400000006000000
    m_SmoothingGroup: 0
    m_Uv:
      m_UseWorldSpace: 0
      m_FlipU: 0
      m_FlipV: 0
      m_SwapUV: 0
      m_Fill: 1
      m_Scale: {x: 1, y: 1}
      m_Offset: {x: 0, y: 0}
      m_Rotation: 0
      m_Anchor: 9
    m_Material: {fileID: 2100000, guid: c22777d6e868e4f2fb421913386b154e, type: 2}
    m_SubmeshIndex: 0
    m_ManualUV: 0
    elementGroup: 0
    m_TextureGroup: 1
  - m_Indexes: 0b00000008000000090000000a0000000b00000009000000
    m_SmoothingGroup: 0
    m_Uv:
      m_UseWorldSpace: 0
      m_FlipU: 0
      m_FlipV: 0
      m_SwapUV: 0
      m_Fill: 1
      m_Scale: {x: 1, y: 1}
      m_Offset: {x: 0, y: 0}
      m_Rotation: 0
      m_Anchor: 9
    m_Material: {fileID: 2100000, guid: c22777d6e868e4f2fb421913386b154e, type: 2}
    m_SubmeshIndex: 0
    m_ManualUV: 0
    elementGroup: 0
    m_TextureGroup: 1
  - m_Indexes: 0e0000000f0000000c0000000d0000000e0000000c000000
    m_SmoothingGroup: 0
    m_Uv:
      m_UseWorldSpace: 0
      m_FlipU: 0
      m_FlipV: 0
      m_SwapUV: 0
      m_Fill: 1
      m_Scale: {x: 1, y: 1}
      m_Offset: {x: 0, y: 0}
      m_Rotation: 0
      m_Anchor: 9
    m_Material: {fileID: 2100000, guid: c22777d6e868e4f2fb421913386b154e, type: 2}
    m_SubmeshIndex: 0
    m_ManualUV: 0
    elementGroup: 0
    m_TextureGroup: 1
  - m_Indexes: 100000001100000012000000130000001000000012000000
    m_SmoothingGroup: 0
    m_Uv:
      m_UseWorldSpace: 0
      m_FlipU: 0
      m_FlipV: 0
      m_SwapUV: 0
      m_Fill: 1
      m_Scale: {x: 1, y: 1}
      m_Offset: {x: 0, y: 0}
      m_Rotation: 0
      m_Anchor: 9
    m_Material: {fileID: 2100000, guid: c22777d6e868e4f2fb421913386b154e, type: 2}
    m_SubmeshIndex: 0
    m_ManualUV: 0
    elementGroup: 0
    m_TextureGroup: 2
  - m_Indexes: 140000001500000016000000170000001400000016000000
    m_SmoothingGroup: 0
    m_Uv:
      m_UseWorldSpace: 0
      m_FlipU: 0
      m_FlipV: 0
      m_SwapUV: 0
      m_Fill: 1
      m_Scale: {x: 1, y: 1}
      m_Offset: {x: 0, y: 0}
      m_Rotation: 0
      m_Anchor: 9
    m_Material: {fileID: 2100000, guid: c22777d6e868e4f2fb421913386b154e, type: 2}
    m_SubmeshIndex: 0
    m_ManualUV: 0
    elementGroup: 0
    m_TextureGroup: 2
  - m_Indexes: 1b00000018000000190000001a0000001b00000019000000
    m_SmoothingGroup: 0
    m_Uv:
      m_UseWorldSpace: 0
      m_FlipU: 0
      m_FlipV: 0
      m_SwapUV: 0
      m_Fill: 1
      m_Scale: {x: 1, y: 1}
      m_Offset: {x: 0, y: 0}
      m_Rotation: 0
      m_Anchor: 9
    m_Material: {fileID: 2100000, guid: c22777d6e868e4f2fb421913386b154e, type: 2}
    m_SubmeshIndex: 0
    m_ManualUV: 0
    elementGroup: 0
    m_TextureGroup: 2
  - m_Indexes: 1e0000001f0000001c0000001d0000001e0000001c000000
    m_SmoothingGroup: 0
    m_Uv:
      m_UseWorldSpace: 0
      m_FlipU: 0
      m_FlipV: 0
      m_SwapUV: 0
      m_Fill: 1
      m_Scale: {x: 1, y: 1}
      m_Offset: {x: 0, y: 0}
      m_Rotation: 0
      m_Anchor: 9
    m_Material: {fileID: 2100000, guid: c22777d6e868e4f2fb421913386b154e, type: 2}
    m_SubmeshIndex: 0
    m_ManualUV: 0
    elementGroup: 0
    m_TextureGroup: 2
  - m_Indexes: 230000002100000022000000230000002000000021000000
    m_SmoothingGroup: 0
    m_Uv:
      m_UseWorldSpace: 0
      m_FlipU: 0
      m_FlipV: 0
      m_SwapUV: 0
      m_Fill: 1
      m_Scale: {x: 1, y: 1}
      m_Offset: {x: 0, y: 0}
      m_Rotation: 0
      m_Anchor: 9
    m_Material: {fileID: 2100000, guid: c22777d6e868e4f2fb421913386b154e, type: 2}
    m_SubmeshIndex: 0
    m_ManualUV: 0
    elementGroup: 0
    m_TextureGroup: 3
  - m_Indexes: 270000002500000026000000270000002400000025000000
    m_SmoothingGroup: 0
    m_Uv:
      m_UseWorldSpace: 0
      m_FlipU: 0
      m_FlipV: 0
      m_SwapUV: 0
      m_Fill: 1
      m_Scale: {x: 1, y: 1}
      m_Offset: {x: 0, y: 0}
      m_Rotation: 0
      m_Anchor: 9
    m_Material: {fileID: 2100000, guid: c22777d6e868e4f2fb421913386b154e, type: 2}
    m_SubmeshIndex: 0
    m_ManualUV: 0
    elementGroup: 0
    m_TextureGroup: 3
  - m_Indexes: 2a00000028000000290000002a0000002b00000028000000
    m_SmoothingGroup: 0
    m_Uv:
      m_UseWorldSpace: 0
      m_FlipU: 0
      m_FlipV: 0
      m_SwapUV: 0
      m_Fill: 1
      m_Scale: {x: 1, y: 1}
      m_Offset: {x: 0, y: 0}
      m_Rotation: 0
      m_Anchor: 9
    m_Material: {fileID: 2100000, guid: c22777d6e868e4f2fb421913386b154e, type: 2}
    m_SubmeshIndex: 0
    m_ManualUV: 0
    elementGroup: 0
    m_TextureGroup: 3
  - m_Indexes: 2d0000002f0000002c0000002d0000002e0000002f000000
    m_SmoothingGroup: 0
    m_Uv:
      m_UseWorldSpace: 0
      m_FlipU: 0
      m_FlipV: 0
      m_SwapUV: 0
      m_Fill: 1
      m_Scale: {x: 1, y: 1}
      m_Offset: {x: 0, y: 0}
      m_Rotation: 0
      m_Anchor: 9
    m_Material: {fileID: 2100000, guid: c22777d6e868e4f2fb421913386b154e, type: 2}
    m_SubmeshIndex: 0
    m_ManualUV: 0
    elementGroup: 0
    m_TextureGroup: 3
  - m_Indexes: 330000003100000032000000330000003000000031000000
    m_SmoothingGroup: 0
    m_Uv:
      m_UseWorldSpace: 0
      m_FlipU: 0
      m_FlipV: 0
      m_SwapUV: 0
      m_Fill: 1
      m_Scale: {x: 1, y: 1}
      m_Offset: {x: 0, y: 0}
      m_Rotation: 0
      m_Anchor: 9
    m_Material: {fileID: 2100000, guid: c22777d6e868e4f2fb421913386b154e, type: 2}
    m_SubmeshIndex: 0
    m_ManualUV: 0
    elementGroup: 0
    m_TextureGroup: 4
  - m_Indexes: 370000003500000036000000370000003400000035000000
    m_SmoothingGroup: 0
    m_Uv:
      m_UseWorldSpace: 0
      m_FlipU: 0
      m_FlipV: 0
      m_SwapUV: 0
      m_Fill: 1
      m_Scale: {x: 1, y: 1}
      m_Offset: {x: 0, y: 0}
      m_Rotation: 0
      m_Anchor: 9
    m_Material: {fileID: 2100000, guid: c22777d6e868e4f2fb421913386b154e, type: 2}
    m_SubmeshIndex: 0
    m_ManualUV: 0
    elementGroup: 0
    m_TextureGroup: 4
  - m_Indexes: 3a00000038000000390000003a0000003b00000038000000
    m_SmoothingGroup: 0
    m_Uv:
      m_UseWorldSpace: 0
      m_FlipU: 0
      m_FlipV: 0
      m_SwapUV: 0
      m_Fill: 1
      m_Scale: {x: 1, y: 1}
      m_Offset: {x: 0, y: 0}
      m_Rotation: 0
      m_Anchor: 9
    m_Material: {fileID: 2100000, guid: c22777d6e868e4f2fb421913386b154e, type: 2}
    m_SubmeshIndex: 0
    m_ManualUV: 0
    elementGroup: 0
    m_TextureGroup: 4
  - m_Indexes: 3d0000003f0000003c0000003d0000003e0000003f000000
    m_SmoothingGroup: 0
    m_Uv:
      m_UseWorldSpace: 0
      m_FlipU: 0
      m_FlipV: 0
      m_SwapUV: 0
      m_Fill: 1
      m_Scale: {x: 1, y: 1}
      m_Offset: {x: 0, y: 0}
      m_Rotation: 0
      m_Anchor: 9
    m_Material: {fileID: 2100000, guid: c22777d6e868e4f2fb421913386b154e, type: 2}
    m_SubmeshIndex: 0
    m_ManualUV: 0
    elementGroup: 0
    m_TextureGroup: 4
  - m_Indexes: 420000004300000040000000410000004200000040000000
    m_SmoothingGroup: 0
    m_Uv:
      m_UseWorldSpace: 0
      m_FlipU: 0
      m_FlipV: 0
      m_SwapUV: 0
      m_Fill: 1
      m_Scale: {x: 1, y: 1}
      m_Offset: {x: 0, y: 0}
      m_Rotation: 0
      m_Anchor: 9
    m_Material: {fileID: 2100000, guid: c22777d6e868e4f2fb421913386b154e, type: 2}
    m_SubmeshIndex: 0
    m_ManualUV: 0
    elementGroup: 0
    m_TextureGroup: 5
  - m_Indexes: 460000004700000044000000450000004600000044000000
    m_SmoothingGroup: 0
    m_Uv:
      m_UseWorldSpace: 0
      m_FlipU: 0
      m_FlipV: 0
      m_SwapUV: 0
      m_Fill: 1
      m_Scale: {x: 1, y: 1}
      m_Offset: {x: 0, y: 0}
      m_Rotation: 0
      m_Anchor: 9
    m_Material: {fileID: 2100000, guid: c22777d6e868e4f2fb421913386b154e, type: 2}
    m_SubmeshIndex: 0
    m_ManualUV: 0
    elementGroup: 0
    m_TextureGroup: 5
  - m_Indexes: 490000004a0000004b00000048000000490000004b000000
    m_SmoothingGroup: 0
    m_Uv:
      m_UseWorldSpace: 0
      m_FlipU: 0
      m_FlipV: 0
      m_SwapUV: 0
      m_Fill: 1
      m_Scale: {x: 1, y: 1}
      m_Offset: {x: 0, y: 0}
      m_Rotation: 0
      m_Anchor: 9
    m_Material: {fileID: 2100000, guid: c22777d6e868e4f2fb421913386b154e, type: 2}
    m_SubmeshIndex: 0
    m_ManualUV: 0
    elementGroup: 0
    m_TextureGroup: 5
  - m_Indexes: 4c0000004d0000004e0000004f0000004c0000004e000000
    m_SmoothingGroup: 0
    m_Uv:
      m_UseWorldSpace: 0
      m_FlipU: 0
      m_FlipV: 0
      m_SwapUV: 0
      m_Fill: 1
      m_Scale: {x: 1, y: 1}
      m_Offset: {x: 0, y: 0}
      m_Rotation: 0
      m_Anchor: 9
    m_Material: {fileID: 2100000, guid: c22777d6e868e4f2fb421913386b154e, type: 2}
    m_SubmeshIndex: 0
    m_ManualUV: 0
    elementGroup: 0
    m_TextureGroup: 5
  - m_Indexes: 530000005100000052000000530000005000000051000000
    m_SmoothingGroup: 0
    m_Uv:
      m_UseWorldSpace: 0
      m_FlipU: 0
      m_FlipV: 0
      m_SwapUV: 0
      m_Fill: 1
      m_Scale: {x: 1, y: 1}
      m_Offset: {x: 0, y: 0}
      m_Rotation: 0
      m_Anchor: 9
    m_Material: {fileID: 2100000, guid: c22777d6e868e4f2fb421913386b154e, type: 2}
    m_SubmeshIndex: 0
    m_ManualUV: 0
    elementGroup: 0
    m_TextureGroup: 6
  - m_Indexes: 570000005500000056000000570000005400000055000000
    m_SmoothingGroup: 0
    m_Uv:
      m_UseWorldSpace: 0
      m_FlipU: 0
      m_FlipV: 0
      m_SwapUV: 0
      m_Fill: 1
      m_Scale: {x: 1, y: 1}
      m_Offset: {x: 0, y: 0}
      m_Rotation: 0
      m_Anchor: 9
    m_Material: {fileID: 2100000, guid: c22777d6e868e4f2fb421913386b154e, type: 2}
    m_SubmeshIndex: 0
    m_ManualUV: 0
    elementGroup: 0
    m_TextureGroup: 6
  - m_Indexes: 5a00000058000000590000005a0000005b00000058000000
    m_SmoothingGroup: 0
    m_Uv:
      m_UseWorldSpace: 0
      m_FlipU: 0
      m_FlipV: 0
      m_SwapUV: 0
      m_Fill: 1
      m_Scale: {x: 1, y: 1}
      m_Offset: {x: 0, y: 0}
      m_Rotation: 0
      m_Anchor: 9
    m_Material: {fileID: 2100000, guid: c22777d6e868e4f2fb421913386b154e, type: 2}
    m_SubmeshIndex: 0
    m_ManualUV: 0
    elementGroup: 0
    m_TextureGroup: 6
  - m_Indexes: 5d0000005f0000005c0000005d0000005e0000005f000000
    m_SmoothingGroup: 0
    m_Uv:
      m_UseWorldSpace: 0
      m_FlipU: 0
      m_FlipV: 0
      m_SwapUV: 0
      m_Fill: 1
      m_Scale: {x: 1, y: 1}
      m_Offset: {x: 0, y: 0}
      m_Rotation: 0
      m_Anchor: 9
    m_Material: {fileID: 2100000, guid: c22777d6e868e4f2fb421913386b154e, type: 2}
    m_SubmeshIndex: 0
    m_ManualUV: 0
    elementGroup: 0
    m_TextureGroup: 6
  m_SharedVertices:
  - m_Vertices: 00000000350000005d000000
  - m_Vertices: 01000000040000005a0000005c000000
  - m_Vertices: 02000000070000000b0000000f000000
  - m_Vertices: 030000000e0000003600000038000000
  - m_Vertices: 050000001000000059000000
  - m_Vertices: 0600000008000000130000001e000000
  - m_Vertices: 090000001d00000045000000
  - m_Vertices: 0a0000000c0000004100000044000000
  - m_Vertices: 0d0000003900000040000000
  - m_Vertices: 11000000140000005600000058000000
  - m_Vertices: 12000000170000001b0000001f000000
  - m_Vertices: 150000002000000055000000
  - m_Vertices: 1600000018000000230000002e000000
  - m_Vertices: 190000002d00000049000000
  - m_Vertices: 1a0000001c0000004600000048000000
  - m_Vertices: 21000000240000005100000054000000
  - m_Vertices: 22000000270000002b0000002f000000
  - m_Vertices: 250000003000000050000000
  - m_Vertices: 2600000028000000330000003e000000
  - m_Vertices: 290000003d0000004d000000
  - m_Vertices: 2a0000002c0000004a0000004c000000
  - m_Vertices: 3100000034000000530000005e000000
  - m_Vertices: 32000000370000003b0000003f000000
  - m_Vertices: 3a0000003c000000430000004e000000
  - m_Vertices: 42000000470000004b0000004f000000
  - m_Vertices: 52000000570000005b0000005f000000
  m_SharedTextures: []
  m_Positions:
  - {x: 0, y: -0.025000006, z: 0.25}
  - {x: 0.125, y: -0.025000006, z: 0.25}
  - {x: 0.125, y: -0.0000000055879354, z: 0.25}
  - {x: 0, y: -0.0000000055879354, z: 0.25}
  - {x: 0.125, y: -0.025000006, z: 0.25}
  - {x: 0.25, y: -0.025000006, z: 0.25}
  - {x: 0.25, y: -0.0000000055879354, z: 0.25}
  - {x: 0.125, y: -0.0000000055879354, z: 0.25}
  - {x: 0.25, y: -0.0000000055879354, z: 0.25}
  - {x: 0.25, y: 0.024999995, z: 0.25}
  - {x: 0.125, y: 0.024999995, z: 0.25}
  - {x: 0.125, y: -0.0000000055879354, z: 0.25}
  - {x: 0.125, y: 0.024999995, z: 0.25}
  - {x: 0, y: 0.024999995, z: 0.25}
  - {x: 0, y: -0.0000000055879354, z: 0.25}
  - {x: 0.125, y: -0.0000000055879354, z: 0.25}
  - {x: 0.25, y: -0.025000006, z: 0.25}
  - {x: 0.25, y: -0.025000006, z: 0}
  - {x: 0.25, y: -0.0000000055879354, z: 0}
  - {x: 0.25, y: -0.0000000055879354, z: 0.25}
  - {x: 0.25, y: -0.025000006, z: 0}
  - {x: 0.25, y: -0.025000006, z: -0.25}
  - {x: 0.25, y: -0.0000000055879354, z: -0.25}
  - {x: 0.25, y: -0.0000000055879354, z: 0}
  - {x: 0.25, y: -0.0000000055879354, z: -0.25}
  - {x: 0.25, y: 0.024999995, z: -0.25}
  - {x: 0.25, y: 0.024999995, z: 0}
  - {x: 0.25, y: -0.0000000055879354, z: 0}
  - {x: 0.25, y: 0.024999995, z: 0}
  - {x: 0.25, y: 0.024999995, z: 0.25}
  - {x: 0.25, y: -0.0000000055879354, z: 0.25}
  - {x: 0.25, y: -0.0000000055879354, z: 0}
  - {x: 0.25, y: -0.025000006, z: -0.25}
  - {x: 0.125, y: -0.025000006, z: -0.25}
  - {x: 0.125, y: -0.0000000055879354, z: -0.25}
  - {x: 0.25, y: -0.0000000055879354, z: -0.25}
  - {x: 0.125, y: -0.025000006, z: -0.25}
  - {x: 0, y: -0.025000006, z: -0.25}
  - {x: 0, y: -0.0000000055879354, z: -0.25}
  - {x: 0.125, y: -0.0000000055879354, z: -0.25}
  - {x: 0, y: -0.0000000055879354, z: -0.25}
  - {x: 0, y: 0.024999995, z: -0.25}
  - {x: 0.125, y: 0.024999995, z: -0.25}
  - {x: 0.125, y: -0.0000000055879354, z: -0.25}
  - {x: 0.125, y: 0.024999995, z: -0.25}
  - {x: 0.25, y: 0.024999995, z: -0.25}
  - {x: 0.25, y: -0.0000000055879354, z: -0.25}
  - {x: 0.125, y: -0.0000000055879354, z: -0.25}
  - {x: 0, y: -0.025000006, z: -0.25}
  - {x: 0, y: -0.025000006, z: 0}
  - {x: 0, y: -0.0000000055879354, z: 0}
  - {x: 0, y: -0.0000000055879354, z: -0.25}
  - {x: 0, y: -0.025000006, z: 0}
  - {x: 0, y: -0.025000006, z: 0.25}
  - {x: 0, y: -0.0000000055879354, z: 0.25}
  - {x: 0, y: -0.0000000055879354, z: 0}
  - {x: 0, y: -0.0000000055879354, z: 0.25}
  - {x: 0, y: 0.024999995, z: 0.25}
  - {x: 0, y: 0.024999995, z: 0}
  - {x: 0, y: -0.0000000055879354, z: 0}
  - {x: 0, y: 0.024999995, z: 0}
  - {x: 0, y: 0.024999995, z: -0.25}
  - {x: 0, y: -0.0000000055879354, z: -0.25}
  - {x: 0, y: -0.0000000055879354, z: 0}
  - {x: 0, y: 0.024999995, z: 0.25}
  - {x: 0.125, y: 0.024999995, z: 0.25}
  - {x: 0.125, y: 0.024999995, z: 0}
  - {x: 0, y: 0.024999995, z: 0}
  - {x: 0.125, y: 0.024999995, z: 0.25}
  - {x: 0.25, y: 0.024999995, z: 0.25}
  - {x: 0.25, y: 0.024999995, z: 0}
  - {x: 0.125, y: 0.024999995, z: 0}
  - {x: 0.25, y: 0.024999995, z: 0}
  - {x: 0.25, y: 0.024999995, z: -0.25}
  - {x: 0.125, y: 0.024999995, z: -0.25}
  - {x: 0.125, y: 0.024999995, z: 0}
  - {x: 0.125, y: 0.024999995, z: -0.25}
  - {x: 0, y: 0.024999995, z: -0.25}
  - {x: 0, y: 0.024999995, z: 0}
  - {x: 0.125, y: 0.024999995, z: 0}
  - {x: 0, y: -0.025000006, z: -0.25}
  - {x: 0.125, y: -0.025000006, z: -0.25}
  - {x: 0.125, y: -0.025000006, z: 0}
  - {x: 0, y: -0.025000006, z: 0}
  - {x: 0.125, y: -0.025000006, z: -0.25}
  - {x: 0.25, y: -0.025000006, z: -0.25}
  - {x: 0.25, y: -0.025000006, z: 0}
  - {x: 0.125, y: -0.025000006, z: 0}
  - {x: 0.25, y: -0.025000006, z: 0}
  - {x: 0.25, y: -0.025000006, z: 0.25}
  - {x: 0.125, y: -0.025000006, z: 0.25}
  - {x: 0.125, y: -0.025000006, z: 0}
  - {x: 0.125, y: -0.025000006, z: 0.25}
  - {x: 0, y: -0.025000006, z: 0.25}
  - {x: 0, y: -0.025000006, z: 0}
  - {x: 0.125, y: -0.025000006, z: 0}
  m_Textures0:
  - {x: 0, y: -0.025000006}
  - {x: -0.125, y: -0.025000006}
  - {x: -0.125, y: -0.0000000055879354}
  - {x: 0, y: -0.0000000055879354}
  - {x: -0.125, y: -0.025000006}
  - {x: -0.25, y: -0.025000006}
  - {x: -0.25, y: -0.0000000055879354}
  - {x: -0.125, y: -0.0000000055879354}
  - {x: -0.25, y: -0.0000000055879354}
  - {x: -0.25, y: 0.024999995}
  - {x: -0.125, y: 0.024999995}
  - {x: -0.125, y: -0.0000000055879354}
  - {x: -0.125, y: 0.024999995}
  - {x: 0, y: 0.024999995}
  - {x: 0, y: -0.0000000055879354}
  - {x: -0.125, y: -0.0000000055879354}
  - {x: 0.25, y: -0.025000006}
  - {x: 0, y: -0.025000006}
  - {x: 0, y: -0.0000000055879354}
  - {x: 0.25, y: -0.0000000055879354}
  - {x: 0, y: -0.025000006}
  - {x: -0.25, y: -0.025000006}
  - {x: -0.25, y: -0.0000000055879354}
  - {x: 0, y: -0.0000000055879354}
  - {x: -0.25, y: -0.0000000055879354}
  - {x: -0.25, y: 0.024999995}
  - {x: 0, y: 0.024999995}
  - {x: 0, y: -0.0000000055879354}
  - {x: 0, y: 0.024999995}
  - {x: 0.25, y: 0.024999995}
  - {x: 0.25, y: -0.0000000055879354}
  - {x: 0, y: -0.0000000055879354}
  - {x: 0.25, y: -0.025000006}
  - {x: 0.125, y: -0.025000006}
  - {x: 0.125, y: -0.0000000055879354}
  - {x: 0.25, y: -0.0000000055879354}
  - {x: 0.125, y: -0.025000006}
  - {x: 0, y: -0.025000006}
  - {x: 0, y: -0.0000000055879354}
  - {x: 0.125, y: -0.0000000055879354}
  - {x: 0, y: -0.0000000055879354}
  - {x: 0, y: 0.024999995}
  - {x: 0.125, y: 0.024999995}
  - {x: 0.125, y: -0.0000000055879354}
  - {x: 0.125, y: 0.024999995}
  - {x: 0.25, y: 0.024999995}
  - {x: 0.25, y: -0.0000000055879354}
  - {x: 0.125, y: -0.0000000055879354}
  - {x: 0.25, y: -0.025000006}
  - {x: 0, y: -0.025000006}
  - {x: 0, y: -0.0000000055879354}
  - {x: 0.25, y: -0.0000000055879354}
  - {x: 0, y: -0.025000006}
  - {x: -0.25, y: -0.025000006}
  - {x: -0.25, y: -0.0000000055879354}
  - {x: 0, y: -0.0000000055879354}
  - {x: -0.25, y: -0.0000000055879354}
  - {x: -0.25, y: 0.024999995}
  - {x: 0, y: 0.024999995}
  - {x: 0, y: -0.0000000055879354}
  - {x: 0, y: 0.024999995}
  - {x: 0.25, y: 0.024999995}
  - {x: 0.25, y: -0.0000000055879354}
  - {x: 0, y: -0.0000000055879354}
  - {x: 0, y: 0.25}
  - {x: 0.125, y: 0.25}
  - {x: 0.125, y: 0}
  - {x: 0, y: 0}
  - {x: 0.125, y: 0.25}
  - {x: 0.25, y: 0.25}
  - {x: 0.25, y: 0}
  - {x: 0.125, y: 0}
  - {x: 0.25, y: 0}
  - {x: 0.25, y: -0.25}
  - {x: 0.125, y: -0.25}
  - {x: 0.125, y: 0}
  - {x: 0.125, y: -0.25}
  - {x: 0, y: -0.25}
  - {x: 0, y: 0}
  - {x: 0.125, y: 0}
  - {x: -0, y: -0.25}
  - {x: -0.125, y: -0.25}
  - {x: -0.125, y: 0}
  - {x: 0, y: 0}
  - {x: -0.125, y: -0.25}
  - {x: -0.25, y: -0.25}
  - {x: -0.25, y: 0}
  - {x: -0.125, y: 0}
  - {x: -0.25, y: 0}
  - {x: -0.25, y: 0.25}
  - {x: -0.125, y: 0.25}
  - {x: -0.125, y: 0}
  - {x: -0.125, y: 0.25}
  - {x: 0, y: 0.25}
  - {x: 0, y: 0}
  - {x: -0.125, y: 0}
  m_Textures2: []
  m_Textures3: []
  m_Tangents:
  - {x: -1, y: 0, z: 0, w: -1}
  - {x: -1, y: 0, z: 0, w: -1}
  - {x: -1, y: 0, z: 0, w: -1}
  - {x: -1, y: 0, z: 0, w: -1}
  - {x: -1, y: 0, z: 0, w: -1}
  - {x: -1, y: 0, z: 0, w: -1}
  - {x: -1, y: 0, z: 0, w: -1}
  - {x: -1, y: 0, z: 0, w: -1}
  - {x: -1, y: 0, z: 0, w: -1}
  - {x: -1, y: 0, z: 0, w: -1}
  - {x: -1, y: 0, z: 0, w: -1}
  - {x: -1, y: 0, z: 0, w: -1}
  - {x: -1, y: 0, z: 0, w: -1}
  - {x: -1, y: 0, z: 0, w: -1}
  - {x: -1, y: 0, z: 0, w: -1}
  - {x: -1, y: 0, z: 0, w: -1}
  - {x: 0, y: 0, z: 1, w: -1}
  - {x: 0, y: 0, z: 1, w: -1}
  - {x: 0, y: 0, z: 1, w: -1}
  - {x: 0, y: 0, z: 1, w: -1}
  - {x: 0, y: 0, z: 1, w: -1}
  - {x: 0, y: 0, z: 1, w: -1}
  - {x: 0, y: 0, z: 1, w: -1}
  - {x: 0, y: 0, z: 1, w: -1}
  - {x: 0, y: 0, z: 1, w: -1}
  - {x: 0, y: 0, z: 1, w: -1}
  - {x: 0, y: 0, z: 1, w: -1}
  - {x: 0, y: 0, z: 1, w: -1}
  - {x: 0, y: 0, z: 1, w: -1}
  - {x: 0, y: 0, z: 1, w: -1}
  - {x: 0, y: 0, z: 1, w: -1}
  - {x: 0, y: 0, z: 1, w: -1}
  - {x: 1, y: 0, z: 0, w: -1}
  - {x: 1, y: 0, z: 0, w: -1}
  - {x: 1, y: 0, z: 0, w: -1}
  - {x: 1, y: 0, z: 0, w: -1}
  - {x: 1, y: 0, z: 0, w: -1}
  - {x: 1, y: 0, z: 0, w: -1}
  - {x: 1, y: 0, z: 0, w: -1}
  - {x: 1, y: 0, z: 0, w: -1}
  - {x: 1, y: 0, z: 0, w: -1}
  - {x: 1, y: 0, z: 0, w: -1}
  - {x: 1, y: 0, z: 0, w: -1}
  - {x: 1, y: 0, z: 0, w: -1}
  - {x: 1, y: 0, z: 0, w: -1}
  - {x: 1, y: 0, z: 0, w: -1}
  - {x: 1, y: 0, z: 0, w: -1}
  - {x: 1, y: 0, z: 0, w: -1}
  - {x: 0, y: 0, z: -1, w: -1}
  - {x: 0, y: 0, z: -1, w: -1}
  - {x: 0, y: 0, z: -1, w: -1}
  - {x: 0, y: 0, z: -1, w: -1}
  - {x: 0, y: 0, z: -1, w: -1}
  - {x: 0, y: 0, z: -1, w: -1}
  - {x: 0, y: 0, z: -1, w: -1}
  - {x: 0, y: 0, z: -1, w: -1}
  - {x: 0, y: 0, z: -1, w: -1}
  - {x: 0, y: 0, z: -1, w: -1}
  - {x: 0, y: 0, z: -1, w: -1}
  - {x: 0, y: 0, z: -1, w: -1}
  - {x: 0, y: 0, z: -1, w: -1}
  - {x: 0, y: 0, z: -1, w: -1}
  - {x: 0, y: 0, z: -1, w: -1}
  - {x: 0, y: 0, z: -1, w: -1}
  - {x: 1, y: 0, z: 0, w: -1}
  - {x: 1, y: 0, z: 0, w: -1}
  - {x: 1, y: 0, z: 0, w: -1}
  - {x: 1, y: 0, z: 0, w: -1}
  - {x: 1, y: 0, z: 0, w: -1}
  - {x: 1, y: 0, z: 0, w: -1}
  - {x: 1, y: 0, z: 0, w: -1}
  - {x: 1, y: 0, z: 0, w: -1}
  - {x: 1, y: 0, z: 0, w: -1}
  - {x: 1, y: 0, z: 0, w: -1}
  - {x: 1, y: 0, z: 0, w: -1}
  - {x: 1, y: 0, z: 0, w: -1}
  - {x: 1, y: 0, z: 0, w: -1}
  - {x: 1, y: 0, z: 0, w: -1}
  - {x: 1, y: 0, z: 0, w: -1}
  - {x: 1, y: 0, z: 0, w: -1}
  - {x: -1, y: 0, z: 0, w: -1}
  - {x: -1, y: 0, z: 0, w: -1}
  - {x: -1, y: 0, z: 0, w: -1}
  - {x: -1, y: 0, z: 0, w: -1}
  - {x: -1, y: 0, z: 0, w: -1}
  - {x: -1, y: 0, z: 0, w: -1}
  - {x: -1, y: 0, z: 0, w: -1}
  - {x: -1, y: 0, z: 0, w: -1}
  - {x: -1, y: 0, z: 0, w: -1}
  - {x: -1, y: 0, z: 0, w: -1}
  - {x: -1, y: 0, z: 0, w: -1}
  - {x: -1, y: 0, z: 0, w: -1}
  - {x: -1, y: 0, z: 0, w: -1}
  - {x: -1, y: 0, z: 0, w: -1}
  - {x: -1, y: 0, z: 0, w: -1}
  - {x: -1, y: 0, z: 0, w: -1}
  m_Colors: []
  m_UnwrapParameters:
    m_HardAngle: 88
    m_PackMargin: 20
    m_AngleError: 8
    m_AreaError: 15
  m_PreserveMeshAssetOnDestroy: 0
  assetGuid: 
  m_IsSelectable: 1
  m_SelectedFaces: 
  m_SelectedEdges: []
  m_SelectedVertices: 
--- !u!64 &5639636319152240489
MeshCollider:
  m_ObjectHideFlags: 0
  m_CorrespondingSourceObject: {fileID: 0}
  m_PrefabInstance: {fileID: 0}
  m_PrefabAsset: {fileID: 0}
  m_GameObject: {fileID: 5639636319152240487}
  m_Material: {fileID: 0}
  m_IsTrigger: 0
  m_Enabled: 1
  serializedVersion: 3
  m_Convex: 0
  m_CookingOptions: 14
  m_Mesh: {fileID: 0}
--- !u!1 &5639636319380570989
GameObject:
  m_ObjectHideFlags: 0
  m_CorrespondingSourceObject: {fileID: 0}
  m_PrefabInstance: {fileID: 0}
  m_PrefabAsset: {fileID: 0}
  serializedVersion: 6
  m_Component:
  - component: {fileID: 5639636319380570990}
  - component: {fileID: 5639636319380570994}
  - component: {fileID: 5639636319380570993}
  - component: {fileID: 5639636319380570992}
  - component: {fileID: 5639636319380570991}
  m_Layer: 0
  m_Name: TrapDoorRight
  m_TagString: Untagged
  m_Icon: {fileID: 0}
  m_NavMeshLayer: 0
  m_StaticEditorFlags: 0
  m_IsActive: 1
--- !u!4 &5639636319380570990
Transform:
  m_ObjectHideFlags: 0
  m_CorrespondingSourceObject: {fileID: 0}
  m_PrefabInstance: {fileID: 0}
  m_PrefabAsset: {fileID: 0}
  m_GameObject: {fileID: 5639636319380570989}
  m_LocalRotation: {x: -0, y: -0, z: -0, w: 1}
  m_LocalPosition: {x: 0.25, y: 0, z: 0}
  m_LocalScale: {x: 1, y: 1, z: 1}
  m_Children: []
  m_Father: {fileID: 5639636320303840298}
  m_RootOrder: 1
  m_LocalEulerAnglesHint: {x: 0, y: 0, z: 0}
--- !u!33 &5639636319380570994
MeshFilter:
  m_ObjectHideFlags: 0
  m_CorrespondingSourceObject: {fileID: 0}
  m_PrefabInstance: {fileID: 0}
  m_PrefabAsset: {fileID: 0}
  m_GameObject: {fileID: 5639636319380570989}
  m_Mesh: {fileID: 0}
--- !u!23 &5639636319380570993
MeshRenderer:
  m_ObjectHideFlags: 0
  m_CorrespondingSourceObject: {fileID: 0}
  m_PrefabInstance: {fileID: 0}
  m_PrefabAsset: {fileID: 0}
  m_GameObject: {fileID: 5639636319380570989}
  m_Enabled: 1
  m_CastShadows: 1
  m_ReceiveShadows: 1
  m_DynamicOccludee: 1
  m_MotionVectors: 1
  m_LightProbeUsage: 1
  m_ReflectionProbeUsage: 1
  m_RenderingLayerMask: 1
  m_RendererPriority: 0
  m_Materials:
  - {fileID: 2100000, guid: c22777d6e868e4f2fb421913386b154e, type: 2}
  m_StaticBatchInfo:
    firstSubMesh: 0
    subMeshCount: 0
  m_StaticBatchRoot: {fileID: 0}
  m_ProbeAnchor: {fileID: 0}
  m_LightProbeVolumeOverride: {fileID: 0}
  m_ScaleInLightmap: 1
  m_ReceiveGI: 1
  m_PreserveUVs: 0
  m_IgnoreNormalsForChartDetection: 0
  m_ImportantGI: 0
  m_StitchLightmapSeams: 1
  m_SelectedEditorRenderState: 3
  m_MinimumChartSize: 4
  m_AutoUVMaxDistance: 0.5
  m_AutoUVMaxAngle: 89
  m_LightmapParameters: {fileID: 0}
  m_SortingLayerID: 0
  m_SortingLayer: 0
  m_SortingOrder: 0
--- !u!114 &5639636319380570992
MonoBehaviour:
  m_ObjectHideFlags: 0
  m_CorrespondingSourceObject: {fileID: 0}
  m_PrefabInstance: {fileID: 0}
  m_PrefabAsset: {fileID: 0}
  m_GameObject: {fileID: 5639636319380570989}
  m_Enabled: 1
  m_EditorHideFlags: 0
  m_Script: {fileID: 11500000, guid: 8233d90336aea43098adf6dbabd606a2, type: 3}
  m_Name: 
  m_EditorClassIdentifier: 
  m_MeshFormatVersion: 1
  m_Faces:
  - m_Indexes: 020000000000000003000000020000000100000000000000
    m_SmoothingGroup: 0
    m_Uv:
      m_UseWorldSpace: 0
      m_FlipU: 0
      m_FlipV: 0
      m_SwapUV: 0
      m_Fill: 1
      m_Scale: {x: 1, y: 1}
      m_Offset: {x: 0, y: 0}
      m_Rotation: 0
      m_Anchor: 9
    m_Material: {fileID: 2100000, guid: c22777d6e868e4f2fb421913386b154e, type: 2}
    m_SubmeshIndex: 0
    m_ManualUV: 0
    elementGroup: 0
    m_TextureGroup: 1
  - m_Indexes: 060000000400000007000000060000000500000004000000
    m_SmoothingGroup: 0
    m_Uv:
      m_UseWorldSpace: 0
      m_FlipU: 0
      m_FlipV: 0
      m_SwapUV: 0
      m_Fill: 1
      m_Scale: {x: 1, y: 1}
      m_Offset: {x: 0, y: 0}
      m_Rotation: 0
      m_Anchor: 9
    m_Material: {fileID: 2100000, guid: c22777d6e868e4f2fb421913386b154e, type: 2}
    m_SubmeshIndex: 0
    m_ManualUV: 0
    elementGroup: 0
    m_TextureGroup: 1
  - m_Indexes: 090000000b0000000a00000009000000080000000b000000
    m_SmoothingGroup: 0
    m_Uv:
      m_UseWorldSpace: 0
      m_FlipU: 0
      m_FlipV: 0
      m_SwapUV: 0
      m_Fill: 1
      m_Scale: {x: 1, y: 1}
      m_Offset: {x: 0, y: 0}
      m_Rotation: 0
      m_Anchor: 9
    m_Material: {fileID: 2100000, guid: c22777d6e868e4f2fb421913386b154e, type: 2}
    m_SubmeshIndex: 0
    m_ManualUV: 0
    elementGroup: 0
    m_TextureGroup: 1
  - m_Indexes: 0c0000000e0000000d0000000c0000000f0000000e000000
    m_SmoothingGroup: 0
    m_Uv:
      m_UseWorldSpace: 0
      m_FlipU: 0
      m_FlipV: 0
      m_SwapUV: 0
      m_Fill: 1
      m_Scale: {x: 1, y: 1}
      m_Offset: {x: 0, y: 0}
      m_Rotation: 0
      m_Anchor: 9
    m_Material: {fileID: 2100000, guid: c22777d6e868e4f2fb421913386b154e, type: 2}
    m_SubmeshIndex: 0
    m_ManualUV: 0
    elementGroup: 0
    m_TextureGroup: 1
  - m_Indexes: 120000001000000013000000120000001100000010000000
    m_SmoothingGroup: 0
    m_Uv:
      m_UseWorldSpace: 0
      m_FlipU: 0
      m_FlipV: 0
      m_SwapUV: 0
      m_Fill: 1
      m_Scale: {x: 1, y: 1}
      m_Offset: {x: 0, y: 0}
      m_Rotation: 0
      m_Anchor: 9
    m_Material: {fileID: 2100000, guid: c22777d6e868e4f2fb421913386b154e, type: 2}
    m_SubmeshIndex: 0
    m_ManualUV: 0
    elementGroup: 0
    m_TextureGroup: 2
  - m_Indexes: 160000001400000017000000160000001500000014000000
    m_SmoothingGroup: 0
    m_Uv:
      m_UseWorldSpace: 0
      m_FlipU: 0
      m_FlipV: 0
      m_SwapUV: 0
      m_Fill: 1
      m_Scale: {x: 1, y: 1}
      m_Offset: {x: 0, y: 0}
      m_Rotation: 0
      m_Anchor: 9
    m_Material: {fileID: 2100000, guid: c22777d6e868e4f2fb421913386b154e, type: 2}
    m_SubmeshIndex: 0
    m_ManualUV: 0
    elementGroup: 0
    m_TextureGroup: 2
  - m_Indexes: 190000001b0000001a00000019000000180000001b000000
    m_SmoothingGroup: 0
    m_Uv:
      m_UseWorldSpace: 0
      m_FlipU: 0
      m_FlipV: 0
      m_SwapUV: 0
      m_Fill: 1
      m_Scale: {x: 1, y: 1}
      m_Offset: {x: 0, y: 0}
      m_Rotation: 0
      m_Anchor: 9
    m_Material: {fileID: 2100000, guid: c22777d6e868e4f2fb421913386b154e, type: 2}
    m_SubmeshIndex: 0
    m_ManualUV: 0
    elementGroup: 0
    m_TextureGroup: 2
  - m_Indexes: 1c0000001e0000001d0000001c0000001f0000001e000000
    m_SmoothingGroup: 0
    m_Uv:
      m_UseWorldSpace: 0
      m_FlipU: 0
      m_FlipV: 0
      m_SwapUV: 0
      m_Fill: 1
      m_Scale: {x: 1, y: 1}
      m_Offset: {x: 0, y: 0}
      m_Rotation: 0
      m_Anchor: 9
    m_Material: {fileID: 2100000, guid: c22777d6e868e4f2fb421913386b154e, type: 2}
    m_SubmeshIndex: 0
    m_ManualUV: 0
    elementGroup: 0
    m_TextureGroup: 2
  - m_Indexes: 210000002000000023000000220000002100000023000000
    m_SmoothingGroup: 0
    m_Uv:
      m_UseWorldSpace: 0
      m_FlipU: 0
      m_FlipV: 0
      m_SwapUV: 0
      m_Fill: 1
      m_Scale: {x: 1, y: 1}
      m_Offset: {x: 0, y: 0}
      m_Rotation: 0
      m_Anchor: 9
    m_Material: {fileID: 2100000, guid: c22777d6e868e4f2fb421913386b154e, type: 2}
    m_SubmeshIndex: 0
    m_ManualUV: 0
    elementGroup: 0
    m_TextureGroup: 3
  - m_Indexes: 250000002400000027000000260000002500000027000000
    m_SmoothingGroup: 0
    m_Uv:
      m_UseWorldSpace: 0
      m_FlipU: 0
      m_FlipV: 0
      m_SwapUV: 0
      m_Fill: 1
      m_Scale: {x: 1, y: 1}
      m_Offset: {x: 0, y: 0}
      m_Rotation: 0
      m_Anchor: 9
    m_Material: {fileID: 2100000, guid: c22777d6e868e4f2fb421913386b154e, type: 2}
    m_SubmeshIndex: 0
    m_ManualUV: 0
    elementGroup: 0
    m_TextureGroup: 3
  - m_Indexes: 280000002b0000002a00000029000000280000002a000000
    m_SmoothingGroup: 0
    m_Uv:
      m_UseWorldSpace: 0
      m_FlipU: 0
      m_FlipV: 0
      m_SwapUV: 0
      m_Fill: 1
      m_Scale: {x: 1, y: 1}
      m_Offset: {x: 0, y: 0}
      m_Rotation: 0
      m_Anchor: 9
    m_Material: {fileID: 2100000, guid: c22777d6e868e4f2fb421913386b154e, type: 2}
    m_SubmeshIndex: 0
    m_ManualUV: 0
    elementGroup: 0
    m_TextureGroup: 3
  - m_Indexes: 2f0000002e0000002d0000002c0000002f0000002d000000
    m_SmoothingGroup: 0
    m_Uv:
      m_UseWorldSpace: 0
      m_FlipU: 0
      m_FlipV: 0
      m_SwapUV: 0
      m_Fill: 1
      m_Scale: {x: 1, y: 1}
      m_Offset: {x: 0, y: 0}
      m_Rotation: 0
      m_Anchor: 9
    m_Material: {fileID: 2100000, guid: c22777d6e868e4f2fb421913386b154e, type: 2}
    m_SubmeshIndex: 0
    m_ManualUV: 0
    elementGroup: 0
    m_TextureGroup: 3
  - m_Indexes: 310000003000000033000000320000003100000033000000
    m_SmoothingGroup: 0
    m_Uv:
      m_UseWorldSpace: 0
      m_FlipU: 0
      m_FlipV: 0
      m_SwapUV: 0
      m_Fill: 1
      m_Scale: {x: 1, y: 1}
      m_Offset: {x: 0, y: 0}
      m_Rotation: 0
      m_Anchor: 9
    m_Material: {fileID: 2100000, guid: c22777d6e868e4f2fb421913386b154e, type: 2}
    m_SubmeshIndex: 0
    m_ManualUV: 0
    elementGroup: 0
    m_TextureGroup: 4
  - m_Indexes: 350000003400000037000000360000003500000037000000
    m_SmoothingGroup: 0
    m_Uv:
      m_UseWorldSpace: 0
      m_FlipU: 0
      m_FlipV: 0
      m_SwapUV: 0
      m_Fill: 1
      m_Scale: {x: 1, y: 1}
      m_Offset: {x: 0, y: 0}
      m_Rotation: 0
      m_Anchor: 9
    m_Material: {fileID: 2100000, guid: c22777d6e868e4f2fb421913386b154e, type: 2}
    m_SubmeshIndex: 0
    m_ManualUV: 0
    elementGroup: 0
    m_TextureGroup: 4
  - m_Indexes: 380000003b0000003a00000039000000380000003a000000
    m_SmoothingGroup: 0
    m_Uv:
      m_UseWorldSpace: 0
      m_FlipU: 0
      m_FlipV: 0
      m_SwapUV: 0
      m_Fill: 1
      m_Scale: {x: 1, y: 1}
      m_Offset: {x: 0, y: 0}
      m_Rotation: 0
      m_Anchor: 9
    m_Material: {fileID: 2100000, guid: c22777d6e868e4f2fb421913386b154e, type: 2}
    m_SubmeshIndex: 0
    m_ManualUV: 0
    elementGroup: 0
    m_TextureGroup: 4
  - m_Indexes: 3f0000003e0000003d0000003c0000003f0000003d000000
    m_SmoothingGroup: 0
    m_Uv:
      m_UseWorldSpace: 0
      m_FlipU: 0
      m_FlipV: 0
      m_SwapUV: 0
      m_Fill: 1
      m_Scale: {x: 1, y: 1}
      m_Offset: {x: 0, y: 0}
      m_Rotation: 0
      m_Anchor: 9
    m_Material: {fileID: 2100000, guid: c22777d6e868e4f2fb421913386b154e, type: 2}
    m_SubmeshIndex: 0
    m_ManualUV: 0
    elementGroup: 0
    m_TextureGroup: 4
  - m_Indexes: 400000004200000041000000400000004300000042000000
    m_SmoothingGroup: 0
    m_Uv:
      m_UseWorldSpace: 0
      m_FlipU: 0
      m_FlipV: 0
      m_SwapUV: 0
      m_Fill: 1
      m_Scale: {x: 1, y: 1}
      m_Offset: {x: 0, y: 0}
      m_Rotation: 0
      m_Anchor: 9
    m_Material: {fileID: 2100000, guid: c22777d6e868e4f2fb421913386b154e, type: 2}
    m_SubmeshIndex: 0
    m_ManualUV: 0
    elementGroup: 0
    m_TextureGroup: 5
  - m_Indexes: 440000004600000045000000440000004700000046000000
    m_SmoothingGroup: 0
    m_Uv:
      m_UseWorldSpace: 0
      m_FlipU: 0
      m_FlipV: 0
      m_SwapUV: 0
      m_Fill: 1
      m_Scale: {x: 1, y: 1}
      m_Offset: {x: 0, y: 0}
      m_Rotation: 0
      m_Anchor: 9
    m_Material: {fileID: 2100000, guid: c22777d6e868e4f2fb421913386b154e, type: 2}
    m_SubmeshIndex: 0
    m_ManualUV: 0
    elementGroup: 0
    m_TextureGroup: 5
  - m_Indexes: 4b00000049000000480000004b0000004a00000049000000
    m_SmoothingGroup: 0
    m_Uv:
      m_UseWorldSpace: 0
      m_FlipU: 0
      m_FlipV: 0
      m_SwapUV: 0
      m_Fill: 1
      m_Scale: {x: 1, y: 1}
      m_Offset: {x: 0, y: 0}
      m_Rotation: 0
      m_Anchor: 9
    m_Material: {fileID: 2100000, guid: c22777d6e868e4f2fb421913386b154e, type: 2}
    m_SubmeshIndex: 0
    m_ManualUV: 0
    elementGroup: 0
    m_TextureGroup: 5
  - m_Indexes: 4e0000004c0000004f0000004e0000004d0000004c000000
    m_SmoothingGroup: 0
    m_Uv:
      m_UseWorldSpace: 0
      m_FlipU: 0
      m_FlipV: 0
      m_SwapUV: 0
      m_Fill: 1
      m_Scale: {x: 1, y: 1}
      m_Offset: {x: 0, y: 0}
      m_Rotation: 0
      m_Anchor: 9
    m_Material: {fileID: 2100000, guid: c22777d6e868e4f2fb421913386b154e, type: 2}
    m_SubmeshIndex: 0
    m_ManualUV: 0
    elementGroup: 0
    m_TextureGroup: 5
  - m_Indexes: 510000005000000053000000520000005100000053000000
    m_SmoothingGroup: 0
    m_Uv:
      m_UseWorldSpace: 0
      m_FlipU: 0
      m_FlipV: 0
      m_SwapUV: 0
      m_Fill: 1
      m_Scale: {x: 1, y: 1}
      m_Offset: {x: 0, y: 0}
      m_Rotation: 0
      m_Anchor: 9
    m_Material: {fileID: 2100000, guid: c22777d6e868e4f2fb421913386b154e, type: 2}
    m_SubmeshIndex: 0
    m_ManualUV: 0
    elementGroup: 0
    m_TextureGroup: 6
  - m_Indexes: 550000005400000057000000560000005500000057000000
    m_SmoothingGroup: 0
    m_Uv:
      m_UseWorldSpace: 0
      m_FlipU: 0
      m_FlipV: 0
      m_SwapUV: 0
      m_Fill: 1
      m_Scale: {x: 1, y: 1}
      m_Offset: {x: 0, y: 0}
      m_Rotation: 0
      m_Anchor: 9
    m_Material: {fileID: 2100000, guid: c22777d6e868e4f2fb421913386b154e, type: 2}
    m_SubmeshIndex: 0
    m_ManualUV: 0
    elementGroup: 0
    m_TextureGroup: 6
  - m_Indexes: 580000005b0000005a00000059000000580000005a000000
    m_SmoothingGroup: 0
    m_Uv:
      m_UseWorldSpace: 0
      m_FlipU: 0
      m_FlipV: 0
      m_SwapUV: 0
      m_Fill: 1
      m_Scale: {x: 1, y: 1}
      m_Offset: {x: 0, y: 0}
      m_Rotation: 0
      m_Anchor: 9
    m_Material: {fileID: 2100000, guid: c22777d6e868e4f2fb421913386b154e, type: 2}
    m_SubmeshIndex: 0
    m_ManualUV: 0
    elementGroup: 0
    m_TextureGroup: 6
  - m_Indexes: 5f0000005e0000005d0000005c0000005f0000005d000000
    m_SmoothingGroup: 0
    m_Uv:
      m_UseWorldSpace: 0
      m_FlipU: 0
      m_FlipV: 0
      m_SwapUV: 0
      m_Fill: 1
      m_Scale: {x: 1, y: 1}
      m_Offset: {x: 0, y: 0}
      m_Rotation: 0
      m_Anchor: 9
    m_Material: {fileID: 2100000, guid: c22777d6e868e4f2fb421913386b154e, type: 2}
    m_SubmeshIndex: 0
    m_ManualUV: 0
    elementGroup: 0
    m_TextureGroup: 6
  m_SharedVertices:
  - m_Vertices: 00000000350000005d000000
  - m_Vertices: 01000000040000005a0000005c000000
  - m_Vertices: 02000000070000000b0000000f000000
  - m_Vertices: 030000000e0000003600000038000000
  - m_Vertices: 050000001000000059000000
  - m_Vertices: 0600000008000000130000001e000000
  - m_Vertices: 090000001d00000045000000
  - m_Vertices: 0a0000000c0000004100000044000000
  - m_Vertices: 0d0000003900000040000000
  - m_Vertices: 11000000140000005600000058000000
  - m_Vertices: 12000000170000001b0000001f000000
  - m_Vertices: 150000002000000055000000
  - m_Vertices: 1600000018000000230000002e000000
  - m_Vertices: 190000002d00000049000000
  - m_Vertices: 1a0000001c0000004600000048000000
  - m_Vertices: 21000000240000005100000054000000
  - m_Vertices: 22000000270000002b0000002f000000
  - m_Vertices: 250000003000000050000000
  - m_Vertices: 2600000028000000330000003e000000
  - m_Vertices: 290000003d0000004d000000
  - m_Vertices: 2a0000002c0000004a0000004c000000
  - m_Vertices: 3100000034000000530000005e000000
  - m_Vertices: 32000000370000003b0000003f000000
  - m_Vertices: 3a0000003c000000430000004e000000
  - m_Vertices: 42000000470000004b0000004f000000
  - m_Vertices: 52000000570000005b0000005f000000
  m_SharedTextures: []
  m_Positions:
  - {x: -0, y: -0.025000006, z: 0.25}
  - {x: -0.125, y: -0.025000006, z: 0.25}
  - {x: -0.125, y: -0.0000000055879354, z: 0.25}
  - {x: -0, y: -0.0000000055879354, z: 0.25}
  - {x: -0.125, y: -0.025000006, z: 0.25}
  - {x: -0.25, y: -0.025000006, z: 0.25}
  - {x: -0.25, y: -0.0000000055879354, z: 0.25}
  - {x: -0.125, y: -0.0000000055879354, z: 0.25}
  - {x: -0.25, y: -0.0000000055879354, z: 0.25}
  - {x: -0.25, y: 0.024999995, z: 0.25}
  - {x: -0.125, y: 0.024999995, z: 0.25}
  - {x: -0.125, y: -0.0000000055879354, z: 0.25}
  - {x: -0.125, y: 0.024999995, z: 0.25}
  - {x: -0, y: 0.024999995, z: 0.25}
  - {x: -0, y: -0.0000000055879354, z: 0.25}
  - {x: -0.125, y: -0.0000000055879354, z: 0.25}
  - {x: -0.25, y: -0.025000006, z: 0.25}
  - {x: -0.25, y: -0.025000006, z: 0}
  - {x: -0.25, y: -0.0000000055879354, z: 0}
  - {x: -0.25, y: -0.0000000055879354, z: 0.25}
  - {x: -0.25, y: -0.025000006, z: 0}
  - {x: -0.25, y: -0.025000006, z: -0.25}
  - {x: -0.25, y: -0.0000000055879354, z: -0.25}
  - {x: -0.25, y: -0.0000000055879354, z: 0}
  - {x: -0.25, y: -0.0000000055879354, z: -0.25}
  - {x: -0.25, y: 0.024999995, z: -0.25}
  - {x: -0.25, y: 0.024999995, z: 0}
  - {x: -0.25, y: -0.0000000055879354, z: 0}
  - {x: -0.25, y: 0.024999995, z: 0}
  - {x: -0.25, y: 0.024999995, z: 0.25}
  - {x: -0.25, y: -0.0000000055879354, z: 0.25}
  - {x: -0.25, y: -0.0000000055879354, z: 0}
  - {x: -0.25, y: -0.025000006, z: -0.25}
  - {x: -0.125, y: -0.025000006, z: -0.25}
  - {x: -0.125, y: -0.0000000055879354, z: -0.25}
  - {x: -0.25, y: -0.0000000055879354, z: -0.25}
  - {x: -0.125, y: -0.025000006, z: -0.25}
  - {x: -0, y: -0.025000006, z: -0.25}
  - {x: -0, y: -0.0000000055879354, z: -0.25}
  - {x: -0.125, y: -0.0000000055879354, z: -0.25}
  - {x: -0, y: -0.0000000055879354, z: -0.25}
  - {x: -0, y: 0.024999995, z: -0.25}
  - {x: -0.125, y: 0.024999995, z: -0.25}
  - {x: -0.125, y: -0.0000000055879354, z: -0.25}
  - {x: -0.125, y: 0.024999995, z: -0.25}
  - {x: -0.25, y: 0.024999995, z: -0.25}
  - {x: -0.25, y: -0.0000000055879354, z: -0.25}
  - {x: -0.125, y: -0.0000000055879354, z: -0.25}
  - {x: -0, y: -0.025000006, z: -0.25}
  - {x: -0, y: -0.025000006, z: 0}
  - {x: -0, y: -0.0000000055879354, z: 0}
  - {x: -0, y: -0.0000000055879354, z: -0.25}
  - {x: -0, y: -0.025000006, z: 0}
  - {x: -0, y: -0.025000006, z: 0.25}
  - {x: -0, y: -0.0000000055879354, z: 0.25}
  - {x: -0, y: -0.0000000055879354, z: 0}
  - {x: -0, y: -0.0000000055879354, z: 0.25}
  - {x: -0, y: 0.024999995, z: 0.25}
  - {x: -0, y: 0.024999995, z: 0}
  - {x: -0, y: -0.0000000055879354, z: 0}
  - {x: -0, y: 0.024999995, z: 0}
  - {x: -0, y: 0.024999995, z: -0.25}
  - {x: -0, y: -0.0000000055879354, z: -0.25}
  - {x: -0, y: -0.0000000055879354, z: 0}
  - {x: -0, y: 0.024999995, z: 0.25}
  - {x: -0.125, y: 0.024999995, z: 0.25}
  - {x: -0.125, y: 0.024999995, z: 0}
  - {x: -0, y: 0.024999995, z: 0}
  - {x: -0.125, y: 0.024999995, z: 0.25}
  - {x: -0.25, y: 0.024999995, z: 0.25}
  - {x: -0.25, y: 0.024999995, z: 0}
  - {x: -0.125, y: 0.024999995, z: 0}
  - {x: -0.25, y: 0.024999995, z: 0}
  - {x: -0.25, y: 0.024999995, z: -0.25}
  - {x: -0.125, y: 0.024999995, z: -0.25}
  - {x: -0.125, y: 0.024999995, z: 0}
  - {x: -0.125, y: 0.024999995, z: -0.25}
  - {x: -0, y: 0.024999995, z: -0.25}
  - {x: -0, y: 0.024999995, z: 0}
  - {x: -0.125, y: 0.024999995, z: 0}
  - {x: -0, y: -0.025000006, z: -0.25}
  - {x: -0.125, y: -0.025000006, z: -0.25}
  - {x: -0.125, y: -0.025000006, z: 0}
  - {x: -0, y: -0.025000006, z: 0}
  - {x: -0.125, y: -0.025000006, z: -0.25}
  - {x: -0.25, y: -0.025000006, z: -0.25}
  - {x: -0.25, y: -0.025000006, z: 0}
  - {x: -0.125, y: -0.025000006, z: 0}
  - {x: -0.25, y: -0.025000006, z: 0}
  - {x: -0.25, y: -0.025000006, z: 0.25}
  - {x: -0.125, y: -0.025000006, z: 0.25}
  - {x: -0.125, y: -0.025000006, z: 0}
  - {x: -0.125, y: -0.025000006, z: 0.25}
  - {x: -0, y: -0.025000006, z: 0.25}
  - {x: -0, y: -0.025000006, z: 0}
  - {x: -0.125, y: -0.025000006, z: 0}
  m_Textures0:
  - {x: 0, y: -0.025000006}
  - {x: 0.125, y: -0.025000006}
  - {x: 0.125, y: -0.0000000055879354}
  - {x: 0, y: -0.0000000055879354}
  - {x: 0.125, y: -0.025000006}
  - {x: 0.25, y: -0.025000006}
  - {x: 0.25, y: -0.0000000055879354}
  - {x: 0.125, y: -0.0000000055879354}
  - {x: 0.25, y: -0.0000000055879354}
  - {x: 0.25, y: 0.024999995}
  - {x: 0.125, y: 0.024999995}
  - {x: 0.125, y: -0.0000000055879354}
  - {x: 0.125, y: 0.024999995}
  - {x: 0, y: 0.024999995}
  - {x: 0, y: -0.0000000055879354}
  - {x: 0.125, y: -0.0000000055879354}
  - {x: -0.25, y: -0.025000006}
  - {x: -0, y: -0.025000006}
  - {x: -0, y: -0.0000000055879354}
  - {x: -0.25, y: -0.0000000055879354}
  - {x: -0, y: -0.025000006}
  - {x: 0.25, y: -0.025000006}
  - {x: 0.25, y: -0.0000000055879354}
  - {x: -0, y: -0.0000000055879354}
  - {x: 0.25, y: -0.0000000055879354}
  - {x: 0.25, y: 0.024999995}
  - {x: 0, y: 0.024999995}
  - {x: -0, y: -0.0000000055879354}
  - {x: 0, y: 0.024999995}
  - {x: -0.25, y: 0.024999995}
  - {x: -0.25, y: -0.0000000055879354}
  - {x: -0, y: -0.0000000055879354}
  - {x: -0.25, y: -0.025000006}
  - {x: -0.125, y: -0.025000006}
  - {x: -0.125, y: -0.0000000055879354}
  - {x: -0.25, y: -0.0000000055879354}
  - {x: -0.125, y: -0.025000006}
  - {x: 0, y: -0.025000006}
  - {x: 0, y: -0.0000000055879354}
  - {x: -0.125, y: -0.0000000055879354}
  - {x: 0, y: -0.0000000055879354}
  - {x: -0, y: 0.024999995}
  - {x: -0.125, y: 0.024999995}
  - {x: -0.125, y: -0.0000000055879354}
  - {x: -0.125, y: 0.024999995}
  - {x: -0.25, y: 0.024999995}
  - {x: -0.25, y: -0.0000000055879354}
  - {x: -0.125, y: -0.0000000055879354}
  - {x: -0.25, y: -0.025000006}
  - {x: 0, y: -0.025000006}
  - {x: 0, y: -0.0000000055879354}
  - {x: -0.25, y: -0.0000000055879354}
  - {x: 0, y: -0.025000006}
  - {x: 0.25, y: -0.025000006}
  - {x: 0.25, y: -0.0000000055879354}
  - {x: 0, y: -0.0000000055879354}
  - {x: 0.25, y: -0.0000000055879354}
  - {x: 0.25, y: 0.024999995}
  - {x: 0, y: 0.024999995}
  - {x: 0, y: -0.0000000055879354}
  - {x: 0, y: 0.024999995}
  - {x: -0.25, y: 0.024999995}
  - {x: -0.25, y: -0.0000000055879354}
  - {x: 0, y: -0.0000000055879354}
  - {x: 0, y: 0.25}
  - {x: -0.125, y: 0.25}
  - {x: -0.125, y: 0}
  - {x: 0, y: 0}
  - {x: -0.125, y: 0.25}
  - {x: -0.25, y: 0.25}
  - {x: -0.25, y: 0}
  - {x: -0.125, y: 0}
  - {x: -0.25, y: 0}
  - {x: -0.25, y: -0.25}
  - {x: -0.125, y: -0.25}
  - {x: -0.125, y: 0}
  - {x: -0.125, y: -0.25}
  - {x: 0, y: -0.25}
  - {x: 0, y: 0}
  - {x: -0.125, y: 0}
  - {x: 0, y: -0.25}
  - {x: 0.125, y: -0.25}
  - {x: 0.125, y: 0}
  - {x: 0, y: 0}
  - {x: 0.125, y: -0.25}
  - {x: 0.25, y: -0.25}
  - {x: 0.25, y: 0}
  - {x: 0.125, y: 0}
  - {x: 0.25, y: 0}
  - {x: 0.25, y: 0.25}
  - {x: 0.125, y: 0.25}
  - {x: 0.125, y: 0}
  - {x: 0.125, y: 0.25}
  - {x: 0, y: 0.25}
  - {x: 0, y: 0}
  - {x: 0.125, y: 0}
  m_Textures2: []
  m_Textures3: []
  m_Tangents:
  - {x: -1, y: 0, z: 0, w: -1}
  - {x: -1, y: 0, z: 0, w: -1}
  - {x: -1, y: 0, z: 0, w: -1}
  - {x: -1, y: 0, z: 0, w: -1}
  - {x: -1, y: 0, z: 0, w: -1}
  - {x: -1, y: 0, z: 0, w: -1}
  - {x: -1, y: 0, z: 0, w: -1}
  - {x: -1, y: 0, z: 0, w: -1}
  - {x: -1, y: 0, z: 0, w: -1}
  - {x: -1, y: 0, z: 0, w: -1}
  - {x: -1, y: 0, z: 0, w: -1}
  - {x: -1, y: 0, z: 0, w: -1}
  - {x: -1, y: 0, z: 0, w: -1}
  - {x: -1, y: 0, z: 0, w: -1}
  - {x: -1, y: 0, z: 0, w: -1}
  - {x: -1, y: 0, z: 0, w: -1}
  - {x: 0, y: 0, z: -1, w: -1}
  - {x: 0, y: 0, z: -1, w: -1}
  - {x: 0, y: 0, z: -1, w: -1}
  - {x: 0, y: 0, z: -1, w: -1}
  - {x: 0, y: 0, z: -1, w: -1}
  - {x: 0, y: 0, z: -1, w: -1}
  - {x: 0, y: 0, z: -1, w: -1}
  - {x: 0, y: 0, z: -1, w: -1}
  - {x: 0, y: 0, z: -1, w: -1}
  - {x: 0, y: 0, z: -1, w: -1}
  - {x: 0, y: 0, z: -1, w: -1}
  - {x: 0, y: 0, z: -1, w: -1}
  - {x: 0, y: 0, z: -1, w: -1}
  - {x: 0, y: 0, z: -1, w: -1}
  - {x: 0, y: 0, z: -1, w: -1}
  - {x: 0, y: 0, z: -1, w: -1}
  - {x: 1, y: 0, z: 0, w: -1}
  - {x: 1, y: 0, z: 0, w: -1}
  - {x: 1, y: 0, z: 0, w: -1}
  - {x: 1, y: 0, z: 0, w: -1}
  - {x: 1, y: 0, z: 0, w: -1}
  - {x: 1, y: 0, z: 0, w: -1}
  - {x: 1, y: 0, z: 0, w: -1}
  - {x: 1, y: 0, z: 0, w: -1}
  - {x: 1, y: 0, z: 0, w: -1}
  - {x: 1, y: 0, z: 0, w: -1}
  - {x: 1, y: 0, z: 0, w: -1}
  - {x: 1, y: 0, z: 0, w: -1}
  - {x: 1, y: 0, z: 0, w: -1}
  - {x: 1, y: 0, z: 0, w: -1}
  - {x: 1, y: 0, z: 0, w: -1}
  - {x: 1, y: 0, z: 0, w: -1}
  - {x: 0, y: 0, z: 1, w: -1}
  - {x: 0, y: 0, z: 1, w: -1}
  - {x: 0, y: 0, z: 1, w: -1}
  - {x: 0, y: 0, z: 1, w: -1}
  - {x: 0, y: 0, z: 1, w: -1}
  - {x: 0, y: 0, z: 1, w: -1}
  - {x: 0, y: 0, z: 1, w: -1}
  - {x: 0, y: 0, z: 1, w: -1}
  - {x: 0, y: 0, z: 1, w: -1}
  - {x: 0, y: 0, z: 1, w: -1}
  - {x: 0, y: 0, z: 1, w: -1}
  - {x: 0, y: 0, z: 1, w: -1}
  - {x: 0, y: 0, z: 1, w: -1}
  - {x: 0, y: 0, z: 1, w: -1}
  - {x: 0, y: 0, z: 1, w: -1}
  - {x: 0, y: 0, z: 1, w: -1}
  - {x: 1, y: 0, z: 0, w: -1}
  - {x: 1, y: 0, z: 0, w: -1}
  - {x: 1, y: 0, z: 0, w: -1}
  - {x: 1, y: 0, z: 0, w: -1}
  - {x: 1, y: 0, z: 0, w: -1}
  - {x: 1, y: 0, z: 0, w: -1}
  - {x: 1, y: 0, z: 0, w: -1}
  - {x: 1, y: 0, z: 0, w: -1}
  - {x: 1, y: 0, z: 0, w: -1}
  - {x: 1, y: 0, z: 0, w: -1}
  - {x: 1, y: 0, z: 0, w: -1}
  - {x: 1, y: 0, z: 0, w: -1}
  - {x: 1, y: 0, z: 0, w: -1}
  - {x: 1, y: 0, z: 0, w: -1}
  - {x: 1, y: 0, z: 0, w: -1}
  - {x: 1, y: 0, z: 0, w: -1}
  - {x: -1, y: 0, z: 0, w: -1}
  - {x: -1, y: 0, z: 0, w: -1}
  - {x: -1, y: 0, z: 0, w: -1}
  - {x: -1, y: 0, z: 0, w: -1}
  - {x: -1, y: 0, z: 0, w: -1}
  - {x: -1, y: 0, z: 0, w: -1}
  - {x: -1, y: 0, z: 0, w: -1}
  - {x: -1, y: 0, z: 0, w: -1}
  - {x: -1, y: 0, z: 0, w: -1}
  - {x: -1, y: 0, z: 0, w: -1}
  - {x: -1, y: 0, z: 0, w: -1}
  - {x: -1, y: 0, z: 0, w: -1}
  - {x: -1, y: 0, z: 0, w: -1}
  - {x: -1, y: 0, z: 0, w: -1}
  - {x: -1, y: 0, z: 0, w: -1}
  - {x: -1, y: 0, z: 0, w: -1}
  m_Colors: []
  m_UnwrapParameters:
    m_HardAngle: 88
    m_PackMargin: 20
    m_AngleError: 8
    m_AreaError: 15
  m_PreserveMeshAssetOnDestroy: 0
  assetGuid: 
  m_IsSelectable: 1
  m_SelectedFaces: 00000000
  m_SelectedEdges:
  - a: 0
    b: 0
  - a: 0
    b: 0
  - a: 0
    b: 0
  - a: 0
    b: 0
  m_SelectedVertices: 00000000000000000000000000000000
--- !u!64 &5639636319380570991
MeshCollider:
  m_ObjectHideFlags: 0
  m_CorrespondingSourceObject: {fileID: 0}
  m_PrefabInstance: {fileID: 0}
  m_PrefabAsset: {fileID: 0}
  m_GameObject: {fileID: 5639636319380570989}
  m_Material: {fileID: 0}
  m_IsTrigger: 0
  m_Enabled: 1
  serializedVersion: 3
  m_Convex: 0
  m_CookingOptions: 14
  m_Mesh: {fileID: 0}
--- !u!1 &5639636320303840297
GameObject:
  m_ObjectHideFlags: 0
  m_CorrespondingSourceObject: {fileID: 0}
  m_PrefabInstance: {fileID: 0}
  m_PrefabAsset: {fileID: 0}
  serializedVersion: 6
  m_Component:
  - component: {fileID: 5639636320303840298}
  - component: {fileID: 211450594}
  m_Layer: 0
  m_Name: TrapDoor
  m_TagString: Untagged
  m_Icon: {fileID: 0}
  m_NavMeshLayer: 0
  m_StaticEditorFlags: 0
  m_IsActive: 1
--- !u!4 &5639636320303840298
Transform:
  m_ObjectHideFlags: 0
  m_CorrespondingSourceObject: {fileID: 0}
  m_PrefabInstance: {fileID: 0}
  m_PrefabAsset: {fileID: 0}
  m_GameObject: {fileID: 5639636320303840297}
  m_LocalRotation: {x: 0, y: 0, z: 0, w: 1}
  m_LocalPosition: {x: 0, y: 0, z: 0}
  m_LocalScale: {x: 1, y: 1, z: 1}
  m_Children:
  - {fileID: 5639636319152240488}
  - {fileID: 5639636319380570990}
  - {fileID: 5639636318762358543}
  m_Father: {fileID: 0}
  m_RootOrder: 0
  m_LocalEulerAnglesHint: {x: 0, y: 0, z: 0}
--- !u!95 &211450594
Animator:
  serializedVersion: 3
  m_ObjectHideFlags: 0
  m_CorrespondingSourceObject: {fileID: 0}
  m_PrefabInstance: {fileID: 0}
  m_PrefabAsset: {fileID: 0}
  m_GameObject: {fileID: 5639636320303840297}
  m_Enabled: 1
  m_Avatar: {fileID: 0}
  m_Controller: {fileID: 9100000, guid: 71cb869600c1a3a4792978d3f8c8e7d0, type: 2}
  m_CullingMode: 0
  m_UpdateMode: 0
  m_ApplyRootMotion: 0
  m_LinearVelocityBlending: 0
  m_WarningMessage: 
  m_HasTransformHierarchy: 1
  m_AllowConstantClipSamplingOptimization: 1
  m_KeepAnimatorControllerStateOnDisable: 0
